2438 3824
506 171 613 228 nmen
631 170 666 230 V.

108 325 205 389 Asello
219 326 307 386 iussit
320 324 462 404 reliquias
476 325 547 404 poni
562 323 675 384 bordei.

108 409 187 482 Quas
201 420 375 488 aspernatus
389 408 438 470 ille
453 411 496 469 sio
510 408 624 469 locutus
639 414 700 468 est:

108 494 251 556 Libenter
264 495 354 554 istum
368 510 491 572 prorsus
506 491 676 572 adpeterem
690 489 799 562 cibum,

108 578 185 649 Nisi,
201 578 253 658 qui
268 578 397 639 nutritus
412 577 463 638 illo
477 583 536 646 est,
553 576 701 654 iugulatus
715 576 803 637 loret.

150 662 247 724 Huius
259 669 398 741 respectu
412 660 529 722 labulae
543 660 706 722 deterritus

108 747 312 810 Periculosum
326 763 444 825 semper
458 747 547 806 vitari
561 744 687 806 lucrum.

108 831 166 893 Sed
182 831 271 893 dicis:
301 830 359 902 Qui
373 847 501 909 rapuere
516 828 650 901 divitias,
663 827 784 890 habent.

109 916 305 979 Numeremus
319 915 459 992 agedum,
474 916 526 994 qui
541 913 681 994 deprensi
695 915 862 992 perierunt.

107 1000 247 1062 Maiorem
262 998 381 1060 turbam
395 1000 567 1079 punitorum
581 999 724 1077 reperies.

107 1084 214 1147 Paucis
228 1085 382 1144 temeritas
396 1089 442 1144 est
456 1082 548 1153 bono,
564 1082 665 1143 multis
679 1081 766 1144 malo.

460 1234 651 1297 FABVLA
677 1234 714 1296 V.

352 1331 518 1385 SGVRRA
533 1333 589 1384 ET
605 1332 820 1385 RVS'I'IGVS.

151 1419 245 1481 Pravo
258 1420 358 1480 lavore
372 1417 433 1480 labi
448 1417 587 1480 mortales
600 1417 696 1479 solent

111 1502 160 1575 Et,
176 1520 232 1583 pro
246 1504 357 1565 iudicio
372 1503 442 1564 dum
457 1510 536 1564 stant
551 1505 664 1564 erroris
677 1504 733 1572 sui,

111 1587 153 1650 dd
168 1587 378 1667 poenitendum
392 1586 483 1648 rebus
497 1587 663 1648 manifestis
678 1588 736 1664 agi.

151 1672 297 1734 Facturus
310 1671 396 1734 ludos
410 1672 529 1752 quidam
545 1671 626 1732 dives
640 1670 757 1732 nobiles

110 1757 264 1837 Proposito
278 1764 399 1818 cunctos
413 1757 548 1818 invitarit
561 1758 703 1836 praemio,

108 1841 201 1912 Quam
216 1843 341 1921 quisque
355 1848 455 1921 posset
470 1848 503 1901 nt
516 1841 677 1901 novitatem
691 1839 869 1901 ostenderet

108 1926 223 1987 Venere
238 1927 368 1987 artifices
382 1924 478 1986 laudis
493 1925 529 1985 ad
544 1926 722 1996 certamina;

108 2007 187 2080 Quos
200 2011 281 2071 inter
295 2028 413 2080 scurra,
429 2017 516 2069 notus
531 2007 646 2069 urbano
661 2007 730 2080 sale,

108 2093 226 2156 Habere
241 2094 317 2155 dixit
331 2113 363 2156 se
378 2111 471 2172 genus
486 2093 656 2173 spectaculi,

108 2177 191 2248 Quod
206 2180 238 2240 in
253 2178 368 2241 theatro
382 2196 542 2257 numquam
556 2176 703 2257 prolatum
716 2178 804 2239 loret.

109 2263 267 2342 Dispersus
280 2281 383 2324 rumor
398 2264 546 2324 civitatem
560 2263 698 2322 concitat.

108 2345 210 2407 Paullo
224 2354 291 2408 ante
305 2365 396 2408 vacua
411 2346 530 2407 turbam
545 2345 686 2407 deliciunt
700 2345 772 2407 loca.

108 2430 142 2491 ln
156 2447 244 2491 scena
259 2448 330 2492 vero
343 2438 498 2511 postquam
513 2431 593 2492 solus
608 2431 741 2491 constitit

110 2513 180 2575 Sine
195 2513 351 2593 adparatu,
368 2514 456 2576 nullis
471 2514 664 2585 adiutoribus,

109 2597 266 2659 Silentium
281 2601 345 2678 ipsa
359 2599 433 2660 lecit
446 2600 635 2680 exspectatio.

108 2681 161 2744 llle
176 2685 207 2744 ln
222 2684 321 2744 sinum
335 2691 459 2763 repente
473 2684 594 2744 demisit
608 2690 696 2762 caput

107 2767 146 2829 Et
159 2768 202 2828 sio
217 2767 341 2848 porcelli
356 2786 457 2829 rocem
472 2776 518 2829 est
532 2770 665 2828 imitatus
679 2786 741 2839 sua,

107 2849 215 2913 Verum
231 2859 264 2914 ut
278 2852 400 2915 subesse
415 2853 505 2933 pallio
520 2850 735 2914 contenderent

107 2935 145 2997 Et
158 2939 257 2998 excuti
272 2935 423 2998 iuberent.
453 2935 516 3008 Quo
535 2938 612 2997 lacto
626 2936 714 2997 simul

107 3020 188 3082 Nihil
203 3030 248 3082 est
262 3029 429 3101 repertum,
445 3021 545 3082 multis
561 3027 684 3082 onerant
698 3020 836 3083 laudibus

107 3103 321 3184 Hominemque
336 3106 441 3185 plausu
456 3112 676 3185 prosequuntur
690 3107 829 3166 maximo.

107 3186 170 3247 lloc
184 3188 258 3248 vidit
271 3190 338 3250 deri
351 3193 491 3251 rusticus.
522 3187 585 3249 Non
600 3187 769 3249 mehercule

107 3269 281 3341 devincet,
297 3274 409 3352 inquit:
431 3282 462 3334 et
476 3276 576 3334 statim
590 3273 742 3352 protessus
757 3279 804 3335 est

107 3354 189 3416 ldem
204 3356 352 3416 iacturum
366 3357 472 3418 melius
488 3375 519 3418 se
534 3356 690 3436 postridie.

109 3439 158 3502 Fit
170 3437 258 3500 turba
271 3440 375 3502 maior.
405 3440 467 3503 Iam
482 3441 564 3503 lavor
577 3446 695 3502 mentes
707 3445 790 3502 tenet
