2438 3824
510 169 620 226 LIBER
639 169 675 228 11.

450 361 645 448 quercu
666 361 736 422 vn.

323 468 435 521 11th
451 470 539 521 Dvo
556 469 612 520 Eu
629 467 863 525 RAPuoRntt.

157 574 228 636 Muli
243 575 357 652 gravati
374 573 501 633 sarcinis
515 570 598 632 ibant
612 571 685 633 duo:

117 659 196 722 Vnus
211 657 328 720 serebat
343 658 429 719 llsros
443 675 511 717 rum
526 659 662 735 pecunia,

116 745 198 806 Alter
211 751 361 806 tumentes
377 741 469 803 multo
484 758 586 801 sacros
604 740 723 802 hordeo.

116 829 167 892 llle
183 846 274 889 onere
290 827 373 889 dives
388 825 465 888 celsa
481 827 598 886 cervice
613 827 725 886 eminet

116 915 293 993 Clarumque
308 911 383 972 collo
399 913 488 972 iactat
502 909 742 980 tintinnabulum,

116 999 221 1060 Comes
236 997 338 1077 quieto
353 998 489 1075 sequitur
504 1002 534 1055 et
548 994 664 1075 placido
678 994 782 1072 gradu

117 1082 223 1144 Subito
240 1082 370 1142 latrones
383 1098 420 1140 ex
434 1079 553 1140 insidiis
568 1079 703 1140 advolant

119 1167 256 1246 interque
272 1164 392 1225 caedem
407 1164 488 1224 lerro
503 1162 614 1224 mulum
630 1165 771 1234 sauciant,

119 1252 269 1330 Diripiunt
284 1266 431 1318 nummos,
448 1248 608 1325 neglegunt
621 1247 678 1309 vile
695 1247 849 1311 hordeum.

118 1335 268 1415 Spoliatus
283 1334 374 1410 igitur
388 1349 474 1394 rasus
488 1350 556 1393 cum
571 1332 657 1393 fleret
671 1351 756 1395 suos:

118 1419 280 1499 Equidem,
296 1419 393 1496 inquit
407 1415 496 1483 alter,
513 1434 559 1476 me
575 1424 776 1497 contemptum
791 1418 914 1496 gaudeo,

118 1501 193 1566 Nam
210 1501 250 1563 nil
267 1501 351 1562 amisi
369 1519 423 1562 nec
438 1518 503 1562 sum
518 1500 617 1562 laesus
632 1501 762 1564 vulnere.

161 1587 224 1648 lloc
238 1593 412 1665 argumento
427 1593 488 1646 tuta
505 1593 550 1647 est
565 1585 715 1648 hominurn
730 1590 875 1660 tenuitas;

118 1669 240 1752 Magnae
254 1669 369 1751 periclo
383 1677 453 1731 suut
467 1688 539 1751 opes
553 1670 708 1733 obnoxiae.

447 1823 641 1884 FABVLA
662 1824 746 1885 VIII.

395 1921 563 1974 cuvas
578 1921 638 1972 AD
654 1921 801 1977 BOVES.

160 2009 272 2071 Cervus
286 2009 453 2069 nemorosis
468 2008 614 2068 excitatus
628 2005 768 2080 latibulis,

118 2094 156 2156 Vt
170 2101 342 2155 venatorum
358 2093 476 2169 lugeret
491 2092 649 2152 instantem
665 2111 777 2164 necem,

119 2179 213 2240 Caeco
227 2179 335 2238 timore
350 2177 513 2256 proximam
528 2175 625 2237 villam
640 2179 716 2255 petit

118 2262 156 2323 Et
171 2269 338 2340 opportuno
352 2279 383 2322 se
401 2260 489 2321 bovili
504 2260 646 2323 condidit.

120 2345 176 2407 Hic
191 2344 246 2405 bos
257 2345 375 2406 latenti:
404 2343 548 2416 Quidnam
564 2344 682 2405 voluisti
697 2345 764 2417 tibi,

120 2429 242 2499 lnielix,
258 2429 336 2489 ultro
351 2430 401 2509 qui
416 2430 453 2490 ad
469 2447 572 2491 necem
586 2431 758 2491 cucurreris

120 2513 338 2592 Hominumque
353 2520 431 2574 tecto
447 2514 583 2593 spiritum
598 2515 800 2576 commiseris?

121 2598 159 2660 lt
176 2595 225 2658 ille
240 2596 380 2677 supplex:
409 2598 467 2659 Vos
482 2598 583 2668 modo,
600 2599 710 2678 inquit,
726 2601 857 2679 parcite;

120 2682 283 2743 Occasione
299 2699 404 2743 rursus
419 2700 571 2761 erumpam
588 2682 665 2744 data.

121 2766 254 2846 Spatium
270 2765 331 2827 diei
347 2769 444 2828 noctis
458 2769 611 2846 excipiunt
626 2768 715 2830 vices.

119 2850 268 2912 Frondem
286 2849 432 2913 bubulcus
447 2851 560 2921 adiert,
577 2851 617 2913 nil
635 2853 703 2912 ideo
718 2853 808 2917 ridet.

119 2935 199 2997 Eunt
213 2934 340 2996 subinde
356 2942 387 2996 et
401 2935 528 2997 redeunt
541 2953 644 2998 omnes
658 2939 774 3009 rustici,

119 3018 214 3083 Nemo
229 3019 452 3082 animadvertit:
475 3022 583 3081 transit
597 3023 686 3082 etiam
702 3022 816 3093 vilicus,

120 3102 182 3164 Nec
196 3102 246 3163 ille
262 3106 420 3184 quicquam
435 3106 538 3165 sentit.
568 3103 642 3165 'lum
656 3106 789 3183 gaudens
802 3108 885 3169 ierus

120 3185 222 3247 Bubus
236 3189 348 3267 quietis
362 3206 451 3266 agere
466 3190 565 3268 coepit
579 3192 699 3267 gratius,

120 3267 288 3349 Hospitium
304 3271 429 3333 adverso
444 3273 522 3352 quod
539 3276 746 3352 praestiterint
759 3282 906 3355 tempore.

121 3351 285 3432 Respondit
299 3373 390 3416 unus:
421 3355 539 3418 Salmm
555 3364 584 3417 te
600 3359 736 3436 cupimus
750 3359 888 3439 quidem;

123 3436 183 3498 Sed
197 3437 265 3507 ille,
281 3441 333 3518 qui
348 3440 450 3501 oculos
465 3448 585 3501 centum
600 3439 705 3514 hebet,
722 3444 748 3504 si
764 3447 889 3514 venerit.

173 3549 328 3591 euenere.
873 3539 904 3599 ἢ
