<?xml version="1.0" encoding="UTF-8"?>
<!DOCTYPE html PUBLIC "-//W3C//DTD XHTML 1.0 Transitional//EN"
    "http://www.w3.org/TR/xhtml1/DTD/xhtml1-transitional.dtd">
<html xmlns="http://www.w3.org/1999/xhtml" xml:lang="en" lang="en">
 <head>
  <title>
</title>
<meta http-equiv="Content-Type" content="text/html;charset=utf-8" />
  <meta name='ocr-system' content='tesseract 3.04.00' />
  <meta name='ocr-capabilities' content='ocr_page ocr_carea ocr_par ocr_line ocrx_word'/>
</head>
<body>
  <div class='ocr_page' id='page_1' title='image "./phaedriaugustil00schagoog_0076.png"; bbox 0 0 2438 3824; ppageno 0'>
   <div class='ocr_carea' id='block_1_1' title="bbox 450 184 759 254">
    <p class='ocr_par' dir='ltr' id='par_1_1' title="bbox 407 180 759 254">
     <span class='ocr_line' id='line_1_1' title="bbox 450 184 759 254; baseline 0.003 -1.878"><span class='ocrx_word' id='word_1_1' title='bbox 450 184 458 219; x_wconf 77' lang='lat'><em>³</em></span> <span class='ocrx_word' id='word_1_2' title='bbox 488 185 710 254; x_wconf 51' lang='lat' dir='ltr'><strong>&#39;&#39;trennom-</strong></span> <span class='ocrx_word' id='word_1_3' title='bbox 757 230 759 235; x_wconf 87' lang='lat'>-</span> 
     </span>
    </p>
   </div>
   <div class='ocr_carea' id='block_1_2' title="bbox 116 346 877 682">
    <p class='ocr_par' dir='ltr' id='par_1_2' title="bbox 117 346 813 512">
     <span class='ocr_line' id='line_1_2' title="bbox 117 346 813 428; baseline -0.001 -18"><span class='ocrx_word' id='word_1_4' title='bbox 117 347 227 410; x_wconf 82' lang='lat' dir='ltr'><strong>Omnes</strong></span> <span class='ocrx_word' id='word_1_5' title='bbox 240 348 342 410; x_wconf 86' lang='lat' dir='ltr'><strong>furore</strong></span> <span class='ocrx_word' id='word_1_6' title='bbox 357 347 444 428; x_wconf 80' lang='lat' dir='ltr'><strong>plena</strong></span> <span class='ocrx_word' id='word_1_7' title='bbox 459 355 544 408; x_wconf 89' lang='lat' dir='ltr'><strong>vocat</strong></span> <span class='ocrx_word' id='word_1_8' title='bbox 559 354 589 407; x_wconf 90' lang='lat' dir='ltr'><strong>et</strong></span> <span class='ocrx_word' id='word_1_9' title='bbox 604 346 728 409; x_wconf 88' lang='lat' dir='ltr'><strong>verbera</strong></span> <span class='ocrx_word' id='word_1_10' title='bbox 794 347 813 390; x_wconf 64' lang='lat'><strong>·&#39;</strong></span> 
     </span>
     <span class='ocr_line' id='line_1_3' title="bbox 117 432 782 512; baseline -0.002 -19"><span class='ocrx_word' id='word_1_11' title='bbox 117 432 260 512; x_wconf 78' lang='lat' dir='ltr'>Proponit</span> <span class='ocrx_word' id='word_1_12' title='bbox 274 435 392 511; x_wconf 85' lang='lat' dir='ltr'><strong>gravia,</strong></span> <span class='ocrx_word' id='word_1_13' title='bbox 408 451 510 493; x_wconf 86' lang='lat' dir='ltr'><strong>verum</strong></span> <span class='ocrx_word' id='word_1_14' title='bbox 526 434 552 493; x_wconf 91' lang='lat' dir='ltr'><strong>si</strong></span> <span class='ocrx_word' id='word_1_15' title='bbox 568 450 626 492; x_wconf 92' lang='lat' dir='ltr'><strong>non</strong></span> <span class='ocrx_word' id='word_1_16' title='bbox 642 432 782 495; x_wconf 76' lang='lat' dir='ltr'><strong>dixerint.</strong></span> 
     </span>
    </p>

    <p class='ocr_par' dir='ltr' id='par_1_3' title="bbox 116 515 877 682">
     <span class='ocr_line' id='line_1_4' title="bbox 116 515 877 587; baseline 0 -10"><span class='ocrx_word' id='word_1_17' title='bbox 116 515 191 578; x_wconf 82' lang='lat' dir='ltr'><strong>Aliis</strong></span> <span class='ocrx_word' id='word_1_18' title='bbox 204 519 333 586; x_wconf 88' lang='lat' dir='ltr'><strong>minare,</strong></span> <span class='ocrx_word' id='word_1_19' title='bbox 349 535 397 578; x_wconf 90' lang='lat' dir='ltr'><strong>me</strong></span> <span class='ocrx_word' id='word_1_20' title='bbox 413 524 495 578; x_wconf 91' lang='lat' dir='ltr'><strong>certe</strong></span> <span class='ocrx_word' id='word_1_21' title='bbox 511 516 588 578; x_wconf 88' lang='lat' dir='ltr'><strong>haud</strong></span> <span class='ocrx_word' id='word_1_22' title='bbox 603 516 701 586; x_wconf 86' lang='lat' dir='ltr'><strong>selles,</strong></span> <span class='ocrx_word' id='word_1_23' title='bbox 718 520 769 587; x_wconf 90' lang='lat' dir='ltr'><strong>ait,</strong></span> <span class='ocrx_word' id='word_1_24' title='bbox 841 543 843 547; x_wconf 46' lang='lat'><em>⁷</em></span> <span class='ocrx_word' id='word_1_25' title='bbox 875 524 877 528; x_wconf 88' lang='grc'><strong>’</strong></span> 
     </span>
     <span class='ocr_line' id='line_1_5' title="bbox 117 601 840 682; baseline -0.001 -20"><span class='ocrx_word' id='word_1_26' title='bbox 117 601 233 680; x_wconf 82' lang='lat' dir='ltr'>Flagris</span> <span class='ocrx_word' id='word_1_27' title='bbox 248 621 314 663; x_wconf 89' lang='lat' dir='ltr'><strong>sum</strong></span> <span class='ocrx_word' id='word_1_28' title='bbox 329 619 447 670; x_wconf 87' lang='lat' dir='ltr'><strong>caesus,</strong></span> <span class='ocrx_word' id='word_1_29' title='bbox 463 611 567 662; x_wconf 87' lang='lat' dir='ltr'><strong>verum</strong></span> <span class='ocrx_word' id='word_1_30' title='bbox 582 603 651 682; x_wconf 89' lang='lat' dir='ltr'><strong>quia</strong></span> <span class='ocrx_word' id='word_1_31' title='bbox 667 602 728 662; x_wconf 83' lang='lat' dir='ltr'>dixi</span> <span class='ocrx_word' id='word_1_32' title='bbox 743 601 840 663; x_wconf 88' lang='lat' dir='ltr'><strong>modo.</strong></span> 
     </span>
    </p>
   </div>
   <div class='ocr_carea' id='block_1_3' title="bbox 449 753 745 815">
    <p class='ocr_par' dir='ltr' id='par_1_4' title="bbox 449 753 745 815">
     <span class='ocr_line' id='line_1_6' title="bbox 449 753 745 815; baseline -0.007 0"><span class='ocrx_word' id='word_1_33' title='bbox 449 753 643 815; x_wconf 77' lang='lat' dir='ltr'><strong>nAanA</strong></span> <span class='ocrx_word' id='word_1_34' title='bbox 664 755 745 815; x_wconf 87' lang='lat' dir='ltr'><strong>XVI.</strong></span> 
     </span>
    </p>
   </div>
   <div class='ocr_carea' id='block_1_4' title="bbox 141 844 1078 1003">
    <p class='ocr_par' dir='ltr' id='par_1_5' title="bbox 141 844 1078 1003">
     <span class='ocr_line' id='line_1_7' title="bbox 196 844 1078 906; baseline -0.002 0"><span class='ocrx_word' id='word_1_35' title='bbox 196 844 563 905; x_wconf 65' lang='lat' dir='ltr'><strong>onnvsffl‘cmce</strong></span> <span class='ocrx_word' id='word_1_36' title='bbox 579 853 610 903; x_wconf 84' lang='lat' dir='ltr'>A</span> <span class='ocrx_word' id='word_1_37' title='bbox 626 851 807 904; x_wconf 69' lang='lat' dir='ltr'><strong>nmmos</strong></span> <span class='ocrx_word' id='word_1_38' title='bbox 824 851 1000 906; x_wconf 66' lang='lat' dir='ltr'><strong>timorve.</strong></span> <span class='ocrx_word' id='word_1_39' title='bbox 1077 862 1078 866; x_wconf 76' lang='grc'>’</span> 
     </span>
     <span class='ocr_line' id='line_1_8' title="bbox 141 933 1057 1003; baseline 0 -15"><span class='ocrx_word' id='word_1_40' title='bbox 141 934 265 988; x_wconf 82' lang='lat' dir='ltr'><strong>Nimiam</strong></span> <span class='ocrx_word' id='word_1_41' title='bbox 282 933 462 990; x_wconf 82' lang='lat' dir='ltr'><strong>securitatem</strong></span> <span class='ocrx_word' id='word_1_42' title='bbox 479 949 564 1003; x_wconf 83' lang='lat' dir='ltr'><strong>seepe</strong></span> <span class='ocrx_word' id='word_1_43' title='bbox 580 933 611 987; x_wconf 83' lang='lat' dir='ltr'><strong>In</strong></span> <span class='ocrx_word' id='word_1_44' title='bbox 627 933 783 1002; x_wconf 88' lang='lat' dir='ltr'><strong>periculum</strong></span> <span class='ocrx_word' id='word_1_45' title='bbox 800 933 927 988; x_wconf 86' lang='lat' dir='ltr'><strong>homines</strong></span> <span class='ocrx_word' id='word_1_46' title='bbox 945 934 1057 988; x_wconf 88' lang='lat' dir='ltr'><strong>ducere.</strong></span> 
     </span>
    </p>
   </div>
   <div class='ocr_carea' id='block_1_5' title="bbox 117 1022 809 1458">
    <p class='ocr_par' dir='ltr' id='par_1_6' title="bbox 117 1022 809 1440">
     <span class='ocr_line' id='line_1_9' title="bbox 158 1022 689 1101; baseline -0.002 -17"><span class='ocrx_word' id='word_1_47' title='bbox 158 1023 244 1084; x_wconf 82' lang='lat' dir='ltr'>Feles</span> <span class='ocrx_word' id='word_1_48' title='bbox 260 1022 389 1084; x_wconf 88' lang='lat' dir='ltr'><strong>habehat</strong></span> <span class='ocrx_word' id='word_1_49' title='bbox 402 1023 497 1101; x_wconf 85' lang='lat' dir='ltr'><strong>gallos</strong></span> <span class='ocrx_word' id='word_1_50' title='bbox 511 1022 689 1084; x_wconf 80' lang='lat' dir='ltr'><strong>lecticarios.</strong></span> 
     </span>
     <span class='ocr_line' id='line_1_10' title="bbox 117 1107 724 1187; baseline 0 -19"><span class='ocrx_word' id='word_1_51' title='bbox 117 1108 202 1168; x_wconf 88' lang='lat' dir='ltr'><strong>Hono</strong></span> <span class='ocrx_word' id='word_1_52' title='bbox 216 1108 379 1186; x_wconf 83' lang='lat' dir='ltr'><strong>gloriosum</strong></span> <span class='ocrx_word' id='word_1_53' title='bbox 394 1107 498 1187; x_wconf 83' lang='lat' dir='ltr'><strong>vulpes</strong></span> <span class='ocrx_word' id='word_1_54' title='bbox 512 1113 545 1168; x_wconf 91' lang='lat' dir='ltr'><strong>ut</strong></span> <span class='ocrx_word' id='word_1_55' title='bbox 559 1107 633 1168; x_wconf 88' lang='lat' dir='ltr'><strong>vidit</strong></span> <span class='ocrx_word' id='word_1_56' title='bbox 646 1108 724 1177; x_wconf 89' lang='lat' dir='ltr'><strong>vehi,</strong></span> 
     </span>
     <span class='ocr_line' id='line_1_11' title="bbox 117 1191 809 1271; baseline 0 -17"><span class='ocrx_word' id='word_1_57' title='bbox 117 1193 166 1254; x_wconf 91' lang='lat' dir='ltr'><strong>Sic</strong></span> <span class='ocrx_word' id='word_1_58' title='bbox 181 1200 227 1255; x_wconf 91' lang='lat' dir='ltr'><strong>est</strong></span> <span class='ocrx_word' id='word_1_59' title='bbox 240 1191 353 1253; x_wconf 88' lang='lat' dir='ltr'><strong>locuta:</strong></span> <span class='ocrx_word' id='word_1_60' title='bbox 382 1191 488 1266; x_wconf 89' lang='lat' dir='ltr'><strong>Moneo</strong></span> <span class='ocrx_word' id='word_1_61' title='bbox 502 1209 679 1271; x_wconf 82' lang='lat' dir='ltr'><strong>praecaveas</strong></span> <span class='ocrx_word' id='word_1_62' title='bbox 694 1192 809 1265; x_wconf 74' lang='lat' dir='ltr'><strong>dolum:</strong></span> 
     </span>
     <span class='ocr_line' id='line_1_12' title="bbox 117 1275 736 1356; baseline 0.003 -20"><span class='ocrx_word' id='word_1_63' title='bbox 117 1277 243 1339; x_wconf 89' lang='lat' dir='ltr'><strong>Istorum</strong></span> <span class='ocrx_word' id='word_1_64' title='bbox 258 1275 355 1338; x_wconf 87' lang='lat' dir='ltr'><strong>vultus</strong></span> <span class='ocrx_word' id='word_1_65' title='bbox 371 1295 498 1356; x_wconf 88' lang='lat' dir='ltr'><strong>namque</strong></span> <span class='ocrx_word' id='word_1_66' title='bbox 514 1279 539 1337; x_wconf 90' lang='lat' dir='ltr'><strong>si</strong></span> <span class='ocrx_word' id='word_1_67' title='bbox 555 1277 736 1348; x_wconf 86' lang='lat' dir='ltr'><strong>consideras,</strong></span> 
     </span>
     <span class='ocr_line' id='line_1_13' title="bbox 117 1360 790 1458; baseline 0.002 -37"><span class='ocrx_word' id='word_1_68' title='bbox 117 1360 261 1422; x_wconf 86' lang='lat' dir='ltr'><strong>Praedam</strong></span> <span class='ocrx_word' id='word_1_69' title='bbox 275 1369 395 1440; x_wconf 91' lang='lat' dir='ltr'><strong>portare</strong></span> <span class='ocrx_word' id='word_1_70' title='bbox 410 1361 541 1432; x_wconf 87' lang='lat' dir='ltr'><strong>indices,</strong></span> <span class='ocrx_word' id='word_1_71' title='bbox 558 1379 617 1422; x_wconf 87' lang='lat' dir='ltr'><strong>non</strong></span> <span class='ocrx_word' id='word_1_72' title='bbox 633 1364 790 1458; x_wconf 84' lang='lat' dir='ltr'><strong>sarcinam.</strong></span> 
     </span>
    </p>
   </div>
   <div class='ocr_carea' id='block_1_6' title="bbox 521 1473 669 1515">
    <p class='ocr_par' dir='ltr' id='par_1_7' title="bbox 521 1473 669 1515">
     <span class='ocr_line' id='line_1_14' title="bbox 521 1473 669 1515; baseline -0.014 0"><span class='ocrx_word' id='word_1_73' title='bbox 521 1473 669 1515; x_wconf 54' lang='grc'><strong>*8*</strong></span> 
     </span>
    </p>
   </div>
   <div class='ocr_carea' id='block_1_7' title="bbox 118 1563 864 1730">
    <p class='ocr_par' dir='ltr' id='par_1_8' title="bbox 118 1563 854 1730">
     <span class='ocr_line' id='line_1_15' title="bbox 158 1563 812 1645; baseline 0.005 -22"><span class='ocrx_word' id='word_1_74' title='bbox 158 1563 317 1643; x_wconf 88' lang='lat' dir='ltr'><strong>Postquam</strong></span> <span class='ocrx_word' id='word_1_75' title='bbox 332 1564 447 1625; x_wconf 89' lang='lat' dir='ltr'><strong>esurire</strong></span> <span class='ocrx_word' id='word_1_76' title='bbox 462 1566 591 1645; x_wconf 90' lang='lat' dir='ltr'><strong>coepit</strong></span> <span class='ocrx_word' id='word_1_77' title='bbox 574 1582 660 1643; x_wconf 81' lang='lat' dir='ltr'><strong>saeva</strong></span> <span class='ocrx_word' id='word_1_78' title='bbox 676 1567 812 1634; x_wconf 87' lang='lat' dir='ltr'><strong>societas,</strong></span> 
     </span>
     <span class='ocr_line' id='line_1_16' title="bbox 118 1635 864 1730; baseline 0 -23"><span class='ocrx_word' id='word_1_79' title='bbox 118 1647 283 1728; x_wconf 78' lang='lat' dir='ltr'><strong>Discerpsit</strong></span> <span class='ocrx_word' id='word_1_80' title='bbox 298 1648 450 1710; x_wconf 90' lang='lat' dir='ltr'><strong>dominum</strong></span> <span class='ocrx_word' id='word_1_81' title='bbox 465 1657 495 1711; x_wconf 91' lang='lat' dir='ltr'><strong>et</strong></span> <span class='ocrx_word' id='word_1_82' title='bbox 509 1649 581 1710; x_wconf 89' lang='lat' dir='ltr'><strong>iecit</strong></span> <span class='ocrx_word' id='word_1_83' title='bbox 595 1635 697 1730; x_wconf 87' lang='lat' dir='ltr'><strong>partes</strong></span> <span class='ocrx_word' id='word_1_84' title='bbox 710 1650 864 1709; x_wconf 81' lang='lat' dir='ltr'><strong>facinoris.</strong></span> 
     </span>
    </p>
   </div>
   <div class='ocr_carea' id='block_1_8' title="bbox 437 1791 863 1862">
    <p class='ocr_par' dir='ltr' id='par_1_9' title="bbox 437 1791 863 1862">
     <span class='ocr_line' id='line_1_17' title="bbox 437 1791 863 1862; baseline -0.014 0.043"><span class='ocrx_word' id='word_1_85' title='bbox 437 1791 633 1862; x_wconf 76' lang='lat' dir='ltr'><strong>FABVLA</strong></span> <span class='ocrx_word' id='word_1_86' title='bbox 654 1802 751 1862; x_wconf 90' lang='lat' dir='ltr'><strong>XVII.</strong></span> <span class='ocrx_word' id='word_1_87' title='bbox 860 1852 863 1856; x_wconf 43' lang='lat'><strong>.</strong></span> 
     </span>
    </p>
   </div>
   <div class='ocr_carea' id='block_1_9' title="bbox 250 1899 944 1956">
    <p class='ocr_par' dir='ltr' id='par_1_10' title="bbox 250 1899 944 1956">
     <span class='ocr_line' id='line_1_18' title="bbox 250 1899 944 1956; baseline 0 -5"><span class='ocrx_word' id='word_1_88' title='bbox 250 1900 414 1955; x_wconf 64' lang='lat' dir='ltr'><strong>senon</strong></span> <span class='ocrx_word' id='word_1_89' title='bbox 430 1899 705 1951; x_wconf 70' lang='lat' dir='ltr'><strong>PARnVRmNS</strong></span> <span class='ocrx_word' id='word_1_90' title='bbox 721 1900 777 1956; x_wconf 73' lang='grc' dir='ltr'><strong>ΕΤ</strong></span> <span class='ocrx_word' id='word_1_91' title='bbox 794 1900 944 1954; x_wconf 81' lang='lat' dir='ltr'><strong>LVPVS.</strong></span> 
     </span>
    </p>
   </div>
   <div class='ocr_carea' id='block_1_10' title="bbox 192 1974 1057 2104">
    <p class='ocr_par' dir='ltr' id='par_1_11' title="bbox 192 1974 1057 2104">
     <span class='ocr_line' id='line_1_19' title="bbox 192 1974 1057 2050; baseline -0.001 -14"><span class='ocrx_word' id='word_1_92' title='bbox 192 1974 362 2038; x_wconf 78' lang='lat' dir='ltr'><strong>Faciendum</strong></span> <span class='ocrx_word' id='word_1_93' title='bbox 379 1980 457 2050; x_wconf 80' lang='lat' dir='ltr'><strong>prins</strong></span> <span class='ocrx_word' id='word_1_94' title='bbox 473 1980 594 2038; x_wconf 87' lang='lat' dir='ltr'><strong>hominis</strong></span> <span class='ocrx_word' id='word_1_95' title='bbox 611 1979 775 2049; x_wconf 88' lang='lat' dir='ltr'><strong>periculum,</strong></span> <span class='ocrx_word' id='word_1_96' title='bbox 794 1996 879 2048; x_wconf 83' lang='lat' dir='ltr'><strong>quam</strong></span> <span class='ocrx_word' id='word_1_97' title='bbox 897 1979 957 2035; x_wconf 88' lang='lat' dir='ltr'><strong>eius</strong></span> <span class='ocrx_word' id='word_1_98' title='bbox 973 1980 1057 2035; x_wconf 84' lang='lat' dir='ltr'><strong>te</strong></span> 
     </span>
     <span class='ocr_line' id='line_1_20' title="bbox 470 2048 721 2104; baseline 0 -2"><span class='ocrx_word' id='word_1_99' title='bbox 470 2048 629 2103; x_wconf 80' lang='lat' dir='ltr'><strong>committas</strong></span> <span class='ocrx_word' id='word_1_100' title='bbox 647 2048 721 2104; x_wconf 91' lang='lat' dir='ltr'><strong>fidei.</strong></span> 
     </span>
    </p>
   </div>
   <div class='ocr_carea' id='block_1_11' title="bbox 117 2138 932 2810">
    <p class='ocr_par' dir='ltr' id='par_1_12' title="bbox 117 2138 932 2387">
     <span class='ocr_line' id='line_1_21' title="bbox 159 2138 932 2220; baseline -0.004 -21"><span class='ocrx_word' id='word_1_101' title='bbox 159 2139 316 2200; x_wconf 84' lang='lat' dir='ltr'><strong>Premente</strong></span> <span class='ocrx_word' id='word_1_102' title='bbox 331 2144 419 2218; x_wconf 91' lang='lat' dir='ltr'><strong>partu</strong></span> <span class='ocrx_word' id='word_1_103' title='bbox 433 2138 530 2199; x_wconf 83' lang='lat' dir='ltr'><strong>seroie</strong></span> <span class='ocrx_word' id='word_1_104' title='bbox 545 2156 611 2199; x_wconf 89' lang='lat' dir='ltr'><strong>oum</strong></span> <span class='ocrx_word' id='word_1_105' title='bbox 627 2139 783 2220; x_wconf 84' lang='lat' dir='ltr'><strong>gemeret</strong></span> <span class='ocrx_word' id='word_1_106' title='bbox 775 2155 885 2206; x_wconf 83' lang='lat' dir='ltr'><strong>recens,</strong></span> <span class='ocrx_word' id='word_1_107' title='bbox 931 2206 932 2209; x_wconf 8' lang='grc' dir='ltr'><strong>Ἴ</strong></span> 
     </span>
     <span class='ocr_line' id='line_1_22' title="bbox 117 2215 885 2304; baseline -0.001 -20"><span class='ocrx_word' id='word_1_108' title='bbox 117 2225 254 2284; x_wconf 79' lang='lat' dir='ltr'><strong>Accurrit</strong></span> <span class='ocrx_word' id='word_1_109' title='bbox 270 2223 356 2304; x_wconf 88' lang='lat' dir='ltr'><strong>lupus</strong></span> <span class='ocrx_word' id='word_1_110' title='bbox 371 2230 402 2283; x_wconf 89' lang='lat' dir='ltr'><strong>et</strong></span> <span class='ocrx_word' id='word_1_111' title='bbox 416 2222 587 2284; x_wconf 88' lang='lat' dir='ltr'><strong>obstetricis</strong></span> <span class='ocrx_word' id='word_1_112' title='bbox 600 2215 736 2303; x_wconf 79' lang='lat' dir='ltr'><strong>partibas</strong></span> <span class='ocrx_word' id='word_1_113' title='bbox 884 2233 885 2236; x_wconf 75' lang='grc'>’</span> 
     </span>
     <span class='ocr_line' id='line_1_23' title="bbox 118 2307 769 2387; baseline -0.002 -19"><span class='ocrx_word' id='word_1_114' title='bbox 118 2307 156 2368; x_wconf 92' lang='lat' dir='ltr'><strong>Se</strong></span> <span class='ocrx_word' id='word_1_115' title='bbox 171 2325 258 2387; x_wconf 88' lang='lat' dir='ltr'><strong>posse</strong></span> <span class='ocrx_word' id='word_1_116' title='bbox 273 2308 358 2385; x_wconf 85' lang='lat' dir='ltr'><strong>iungi</strong></span> <span class='ocrx_word' id='word_1_117' title='bbox 374 2307 464 2377; x_wconf 86' lang='lat' dir='ltr'><strong>dixit,</strong></span> <span class='ocrx_word' id='word_1_118' title='bbox 479 2309 656 2387; x_wconf 89' lang='lat' dir='ltr'><strong>promittens</strong></span> <span class='ocrx_word' id='word_1_119' title='bbox 671 2325 769 2387; x_wconf 88' lang='lat' dir='ltr'><strong>opem.</strong></span> 
     </span>
    </p>

    <p class='ocr_par' dir='ltr' id='par_1_13' title="bbox 118 2390 840 2557">
     <span class='ocr_line' id='line_1_24' title="bbox 118 2390 840 2473; baseline 0 -21"><span class='ocrx_word' id='word_1_120' title='bbox 118 2390 198 2461; x_wconf 87' lang='lat' dir='ltr'><strong>Quae</strong></span> <span class='ocrx_word' id='word_1_121' title='bbox 215 2409 285 2452; x_wconf 86' lang='lat' dir='ltr'><strong>vero</strong></span> <span class='ocrx_word' id='word_1_122' title='bbox 299 2399 401 2452; x_wconf 89' lang='lat' dir='ltr'><strong>nosset</strong></span> <span class='ocrx_word' id='word_1_123' title='bbox 413 2393 546 2473; x_wconf 86' lang='lat' dir='ltr'><strong>pectoris</strong></span> <span class='ocrx_word' id='word_1_124' title='bbox 561 2392 696 2453; x_wconf 89' lang='lat' dir='ltr'><strong>iraudem</strong></span> <span class='ocrx_word' id='word_1_125' title='bbox 712 2391 840 2471; x_wconf 88' lang='lat' dir='ltr'><strong>inprobi,</strong></span> 
     </span>
     <span class='ocr_line' id='line_1_25' title="bbox 119 2475 761 2557; baseline -0.003 -20"><span class='ocrx_word' id='word_1_126' title='bbox 119 2476 296 2556; x_wconf 88' lang='lat' dir='ltr'><strong>Suspectum</strong></span> <span class='ocrx_word' id='word_1_127' title='bbox 312 2476 440 2537; x_wconf 78' lang='lat' dir='ltr'><strong>officinm</strong></span> <span class='ocrx_word' id='word_1_128' title='bbox 455 2476 623 2557; x_wconf 88' lang='lat' dir='ltr'><strong>repudiavit</strong></span> <span class='ocrx_word' id='word_1_129' title='bbox 637 2475 761 2537; x_wconf 81' lang='lat' dir='ltr'><strong>malefici</strong></span> 
     </span>
    </p>

    <p class='ocr_par' dir='ltr' id='par_1_14' title="bbox 117 2560 801 2810">
     <span class='ocr_line' id='line_1_26' title="bbox 117 2560 801 2641; baseline -0.001 -19"><span class='ocrx_word' id='word_1_130' title='bbox 117 2560 169 2622; x_wconf 87' lang='lat' dir='ltr'><strong>Et:</strong></span> <span class='ocrx_word' id='word_1_131' title='bbox 201 2560 280 2621; x_wconf 90' lang='lat' dir='ltr'><strong>Satis</strong></span> <span class='ocrx_word' id='word_1_132' title='bbox 294 2568 353 2630; x_wconf 90' lang='lat' dir='ltr'><strong>est,</strong></span> <span class='ocrx_word' id='word_1_133' title='bbox 368 2561 479 2641; x_wconf 91' lang='lat' dir='ltr'><strong>inquit,</strong></span> <span class='ocrx_word' id='word_1_134' title='bbox 495 2562 521 2621; x_wconf 93' lang='lat' dir='ltr'><strong>si</strong></span> <span class='ocrx_word' id='word_1_135' title='bbox 537 2560 661 2621; x_wconf 88' lang='lat' dir='ltr'><strong>recedes</strong></span> <span class='ocrx_word' id='word_1_136' title='bbox 674 2561 801 2638; x_wconf 81' lang='lat' dir='ltr'><strong>longius.</strong></span> 
     </span>
     <span class='ocr_line' id='line_1_27' title="bbox 118 2644 747 2724; baseline -0.005 -17"><span class='ocrx_word' id='word_1_137' title='bbox 118 2644 200 2717; x_wconf 84' lang='lat' dir='ltr'><strong>Quod</strong></span> <span class='ocrx_word' id='word_1_138' title='bbox 217 2647 240 2706; x_wconf 94' lang='lat' dir='ltr'><strong>si</strong></span> <span class='ocrx_word' id='word_1_139' title='bbox 256 2645 399 2724; x_wconf 85' lang='lat' dir='ltr'><strong>perfidiae</strong></span> <span class='ocrx_word' id='word_1_140' title='bbox 414 2664 447 2707; x_wconf 92' lang='lat' dir='ltr'><strong>se</strong></span> <span class='ocrx_word' id='word_1_141' title='bbox 462 2647 660 2706; x_wconf 85' lang='lat' dir='ltr'><strong>commisisset</strong></span> <span class='ocrx_word' id='word_1_142' title='bbox 674 2644 747 2724; x_wconf 92' lang='lat' dir='ltr'><strong>lupi,</strong></span> 
     </span>
     <span class='ocr_line' id='line_1_28' title="bbox 118 2728 676 2810; baseline 0 -19"><span class='ocrx_word' id='word_1_143' title='bbox 118 2729 224 2792; x_wconf 89' lang='lat' dir='ltr'><strong>Partus</strong></span> <span class='ocrx_word' id='word_1_144' title='bbox 239 2729 340 2790; x_wconf 89' lang='lat' dir='ltr'><strong>dolore</strong></span> <span class='ocrx_word' id='word_1_145' title='bbox 355 2730 416 2790; x_wconf 90' lang='lat' dir='ltr'><strong>iata</strong></span> <span class='ocrx_word' id='word_1_146' title='bbox 431 2728 599 2810; x_wconf 90' lang='lat' dir='ltr'><strong>conpiesset</strong></span> <span class='ocrx_word' id='word_1_147' title='bbox 614 2747 676 2793; x_wconf 86' lang='lat' dir='ltr'><strong>sua.</strong></span> 
     </span>
    </p>
   </div>
   <div class='ocr_carea' id='block_1_12' title="bbox 433 2864 760 2928">
    <p class='ocr_par' dir='ltr' id='par_1_15' title="bbox 433 2864 760 2928">
     <span class='ocr_line' id='line_1_29' title="bbox 433 2864 760 2928; baseline 0.006 -2"><span class='ocrx_word' id='word_1_148' title='bbox 433 2864 627 2926; x_wconf 81' lang='lat' dir='ltr'><strong>FABVLA</strong></span> <span class='ocrx_word' id='word_1_149' title='bbox 647 2866 760 2928; x_wconf 89' lang='lat' dir='ltr'><strong>XVIII.</strong></span> 
     </span>
    </p>
   </div>
   <div class='ocr_carea' id='block_1_13' title="bbox 250 2964 945 3102">
    <p class='ocr_par' dir='ltr' id='par_1_16' title="bbox 250 2964 945 3102">
     <span class='ocr_line' id='line_1_30' title="bbox 250 2964 945 3019; baseline -0.001 -2"><span class='ocrx_word' id='word_1_150' title='bbox 250 2964 440 3017; x_wconf 68' lang='lat' dir='ltr'><strong>Amsorvs</strong></span> <span class='ocrx_word' id='word_1_151' title='bbox 456 2965 512 3016; x_wconf 67' lang='lat' dir='ltr'><strong>ET</strong></span> <span class='ocrx_word' id='word_1_152' title='bbox 530 2964 694 3017; x_wconf 79' lang='lat' dir='ltr'><strong>SERVVS</strong></span> <span class='ocrx_word' id='word_1_153' title='bbox 710 2965 945 3019; x_wconf 76' lang='lat' dir='ltr'><strong>PROFVGVS.</strong></span> 
     </span>
     <span class='ocr_line' id='line_1_31' title="bbox 291 3045 871 3102; baseline 0 -1"><span class='ocrx_word' id='word_1_154' title='bbox 291 3045 391 3101; x_wconf 86' lang='lat' dir='ltr'><strong>Non</strong></span> <span class='ocrx_word' id='word_1_155' title='bbox 408 3059 468 3102; x_wconf 88' lang='lat' dir='ltr'><strong>esse</strong></span> <span class='ocrx_word' id='word_1_156' title='bbox 484 3045 560 3100; x_wconf 84' lang='lat' dir='ltr'><strong>malo</strong></span> <span class='ocrx_word' id='word_1_157' title='bbox 581 3046 741 3102; x_wconf 76' lang='lat' dir='ltr'><strong>addendum</strong></span> <span class='ocrx_word' id='word_1_158' title='bbox 757 3047 871 3102; x_wconf 81' lang='lat' dir='ltr'><strong>melum.</strong></span> 
     </span>
    </p>
   </div>
   <div class='ocr_carea' id='block_1_14' title="bbox 119 3135 912 3469">
    <p class='ocr_par' dir='ltr' id='par_1_17' title="bbox 119 3135 912 3469">
     <span class='ocr_line' id='line_1_32' title="bbox 161 3135 912 3235; baseline 0 -39"><span class='ocrx_word' id='word_1_159' title='bbox 161 3135 270 3196; x_wconf 84' lang='lat' dir='ltr'><strong>Servus</strong></span> <span class='ocrx_word' id='word_1_160' title='bbox 284 3137 458 3215; x_wconf 80' lang='lat' dir='ltr'><strong>profugiens</strong></span> <span class='ocrx_word' id='word_1_161' title='bbox 472 3136 623 3197; x_wconf 92' lang='lat' dir='ltr'><strong>dominum</strong></span> <span class='ocrx_word' id='word_1_162' title='bbox 640 3144 763 3197; x_wconf 88' lang='lat' dir='ltr'><strong>naturae</strong></span> <span class='ocrx_word' id='word_1_163' title='bbox 779 3155 912 3235; x_wconf 87' lang='lat' dir='ltr'><strong>asperae,</strong></span> 
     </span>
     <span class='ocr_line' id='line_1_33' title="bbox 119 3222 646 3299; baseline -0.002 -18"><span class='ocrx_word' id='word_1_164' title='bbox 119 3222 235 3299; x_wconf 74' lang='lat' dir='ltr'><strong>Aesopo</strong></span> <span class='ocrx_word' id='word_1_165' title='bbox 249 3222 380 3282; x_wconf 85' lang='lat' dir='ltr'><strong>occurrit</strong></span> <span class='ocrx_word' id='word_1_166' title='bbox 394 3228 482 3282; x_wconf 90' lang='lat' dir='ltr'><strong>notus</strong></span> <span class='ocrx_word' id='word_1_167' title='bbox 496 3239 513 3281; x_wconf 93' lang='lat' dir='ltr'><strong>e</strong></span> <span class='ocrx_word' id='word_1_168' title='bbox 529 3223 646 3281; x_wconf 85' lang='lat' dir='ltr'><strong>ricinia.</strong></span> 
     </span>
     <span class='ocr_line' id='line_1_34' title="bbox 119 3303 844 3404; baseline 0 -40"><span class='ocrx_word' id='word_1_169' title='bbox 119 3303 196 3374; x_wconf 84' lang='lat' dir='ltr'><strong>Quid</strong></span> <span class='ocrx_word' id='word_1_170' title='bbox 212 3311 245 3364; x_wconf 91' lang='lat' dir='ltr'><strong>tu</strong></span> <span class='ocrx_word' id='word_1_171' title='bbox 260 3304 418 3365; x_wconf 74' lang='lat' dir='ltr'><strong>confusus?</strong></span> <span class='ocrx_word' id='word_1_172' title='bbox 446 3305 549 3366; x_wconf 87' lang='lat' dir='ltr'><strong>Dicam</strong></span> <span class='ocrx_word' id='word_1_173' title='bbox 564 3305 622 3366; x_wconf 91' lang='lat' dir='ltr'><strong>tibi</strong></span> <span class='ocrx_word' id='word_1_174' title='bbox 637 3305 732 3375; x_wconf 88' lang='lat' dir='ltr'><strong>clare,</strong></span> <span class='ocrx_word' id='word_1_175' title='bbox 741 3312 844 3404; x_wconf 89' lang='lat' dir='ltr'><strong>pater,</strong></span> 
     </span>
     <span class='ocr_line' id='line_1_35' title="bbox 119 3388 799 3469; baseline -0.003 -19"><span class='ocrx_word' id='word_1_176' title='bbox 119 3389 182 3450; x_wconf 90' lang='lat' dir='ltr'><strong>Hoc</strong></span> <span class='ocrx_word' id='word_1_177' title='bbox 196 3405 323 3467; x_wconf 87' lang='lat' dir='ltr'><strong>namque</strong></span> <span class='ocrx_word' id='word_1_178' title='bbox 339 3406 371 3448; x_wconf 90' lang='lat' dir='ltr'><strong>es</strong></span> <span class='ocrx_word' id='word_1_179' title='bbox 387 3388 494 3467; x_wconf 85' lang='lat' dir='ltr'><strong>dignus</strong></span> <span class='ocrx_word' id='word_1_180' title='bbox 508 3390 654 3469; x_wconf 89' lang='lat' dir='ltr'><strong>appellari</strong></span> <span class='ocrx_word' id='word_1_181' title='bbox 670 3391 799 3458; x_wconf 88' lang='lat' dir='ltr'><strong>nomine,</strong></span> 
     </span>
    </p>
   </div>
   <div class='ocr_carea' id='block_1_15' title="bbox 119 3471 970 3555">
    <p class='ocr_par' dir='ltr' id='par_1_18' title="bbox 119 3451 1177 3571">
     <span class='ocr_line' id='line_1_36' title="bbox 119 3471 970 3555; baseline 0.002 -21"><span class='ocrx_word' id='word_1_182' title='bbox 119 3472 196 3534; x_wconf 80' lang='lat' dir='ltr'><strong>&#39;Into</strong></span> <span class='ocrx_word' id='word_1_183' title='bbox 211 3471 332 3551; x_wconf 89' lang='lat' dir='ltr'><strong>querela</strong></span> <span class='ocrx_word' id='word_1_184' title='bbox 346 3473 416 3550; x_wconf 85' lang='lat' dir='ltr'><strong>quia&#39;</strong></span> <span class='ocrx_word' id='word_1_185' title='bbox 429 3473 507 3554; x_wconf 83' lang='lat' dir='ltr'><strong>apud</strong></span> <span class='ocrx_word' id='word_1_186' title='bbox 521 3474 739 3555; x_wconf 81' lang='lat' dir='ltr'><strong>tede‘ponitnr.</strong></span> <span class='ocrx_word' id='word_1_187' title='bbox 801 3511 804 3515; x_wconf 76' lang='lat'><strong>.</strong></span> <span class='ocrx_word' id='word_1_188' title='bbox 968 3488 970 3492; x_wconf 78' lang='grc'><em>’</em></span> 
     </span>
    </p>
   </div>
   <div class='ocr_carea' id='block_1_16' title="bbox 0 0 1226 3824">
    <p class='ocr_par' dir='ltr' id='par_1_19' title="bbox 0 0 1226 3824">
     <span class='ocr_line' id='line_1_37' title="bbox 0 0 1226 3824; baseline 0 0"><span class='ocrx_word' id='word_1_189' title='bbox 0 0 1226 3824; x_wconf 95' lang='lat' dir='ltr'><strong> </strong></span> 
     </span>
    </p>
   </div>
  </div>
 </body>
</html>
