2438 3824
124 163 163 227 12
400 152 560 224 emron
579 167 803 225 rsovcunvu

164 317 308 398 Vulpinos
322 319 436 381 catulos
450 318 547 398 aquila
562 319 710 398 quondam
725 318 845 380 sustulit

122 403 257 484 Nidoque
272 406 372 483 posuit
386 402 491 483 pullis,
507 421 606 464 escam
622 411 653 464 ut
668 411 836 484 carperent.

122 488 205 550 lianc
220 497 376 568 persecuta
392 496 486 549 mater
501 505 588 549 orare
603 489 718 567 incipit,

123 573 167 635 Ne
181 580 295 635 tanturn
311 575 436 634 miserae
451 573 562 635 luctum
576 575 742 652 inportaret
757 571 827 635 sibi.

123 659 307 737 Contempsit
321 657 386 728 illa,
402 666 464 720 tuta
479 659 588 737 quippe
603 660 668 736 ipso
682 658 756 719 loco.

122 742 232 823 Vulpes
247 741 285 803 ab
300 760 348 803 ara
366 745 465 822 rapuit
480 743 633 822 ardentem
649 743 743 805 lacem

123 828 284 906 Totamque
299 827 425 888 ssummis
440 826 578 889 arborem
593 827 799 897 circumdedit,
898 847 901 854 ·

122 912 223 974 Hostis
238 910 368 972 dolorem
384 912 490 974 damno
505 914 634 973 miscens
652 915 813 990 sanguinis.

123 997 226 1077 Aquila
242 1004 275 1057 ut
289 997 401 1077 periclo
416 999 520 1059 mortis
534 1000 667 1076 eriperet
681 1016 749 1058 suos

122 1080 288 1143 incolumes
302 1089 388 1144 natos
402 1082 526 1163 supplex
541 1082 622 1163 vulpi
639 1082 769 1145 tradidit.

442 1235 636 1296 FABVLA
657 1235 765 1296 XXIX.

322 1333 477 1385 Asmvs
493 1333 702 1385 INRIDENS
719 1334 881 1388 APRVM,

164 1421 340 1501 Plerumque
356 1420 438 1481 stulti
454 1423 548 1482 risum
563 1422 632 1481 dum
648 1429 768 1500 captant
781 1421 885 1491 levem,

123 1507 210 1570 Gravi
228 1507 416 1584 destringunt
430 1504 502 1567 alios
517 1506 695 1567 contumelia

122 1591 161 1655 Et
175 1591 232 1653 sibi
248 1592 386 1652 nocivum
401 1591 550 1652 concitant
565 1588 741 1670 periculum.

164 1676 281 1739 Asellus
296 1693 368 1756 apro
383 1694 450 1736 cum
465 1676 574 1737 luisset
587 1674 707 1736 obvius:

123 1761 224 1832 Salve,
239 1761 352 1841 inquit,
367 1760 474 1822 irater.
503 1759 554 1821 Ille
570 1760 728 1836 indignans
742 1759 880 1838 repudiat

123 1845 260 1909 Oillcium
276 1852 306 1906 et
320 1849 452 1924 quaerit,
469 1846 580 1906 cursio
596 1846 717 1904 mentiri
733 1844 812 1906 velit.

123 1931 232 1992 Asinus
246 1930 375 1991 demisso
390 1948 481 2009 pene:
512 1928 645 1990 Similem
662 1931 687 1990 si
702 1947 793 2006 negas

124 2015 149 2077 T
151 2014 193 2077 ibi
209 2032 256 2075 rue
272 2032 353 2083 esse,
369 2022 450 2076 certe
465 2013 563 2076 simile
578 2022 625 2075 est
640 2014 695 2074 hoc
709 2021 806 2074 rostro
821 2020 883 2074 tuo.

123 2101 217 2180 Aper,
233 2117 300 2160 eum
316 2098 402 2159 vellet
416 2100 516 2160 iacere
531 2116 707 2176 generosum
721 2100 866 2178 inpetum,

123 2184 279 2265 Repressit
292 2185 368 2244 iram
387 2192 430 2244 et:
461 2183 569 2244 Facilis
584 2182 712 2243 vindicta
728 2189 775 2244 est
787 2181 872 2252 mihi,

124 2267 183 2330 Sed
196 2269 349 2351 inquinari
362 2267 431 2330 uolo
445 2269 551 2346 ignavo
565 2268 720 2345 sanguine.

449 2418 642 2480 FABVLA
663 2419 755 2480 XXX.

155 2518 304 2572 mussi
321 2517 580 2570 movendus
597 2515 1050 2571 uuvnonvurPRomA.

164 2604 299 2667 Humiles
313 2604 463 2675 laborant,
479 2602 531 2665 ubi
546 2612 683 2684 potentes
697 2603 853 2665 dissident.

122 2690 204 2753 Rana
221 2691 251 2750 in
267 2689 374 2769 palude
390 2706 518 2769 pugnam
533 2697 687 2751 taurorum
701 2690 838 2751 intuens:

123 2776 189 2837 Heu
203 2781 311 2854 quanta
327 2772 413 2835 nobis
428 2775 518 2834 instat
532 2773 695 2853 perniciesl
716 2776 769 2836 ait.

122 2859 307 2936 Interrogata
323 2857 360 2919 ab
377 2858 449 2929 alia,
465 2876 519 2918 cur
534 2858 590 2919 hoc
605 2858 728 2928 diceret,

123 2944 166 3005 lle
181 2945 351 3023 principatu
366 2960 434 3003 cum
449 2941 493 3003 lili
509 2949 661 3005 certarent
674 2945 776 3021 gregis

122 3028 282 3108 Longeque
297 3026 334 3088 alt
350 3029 423 3106 ipsis
439 3026 583 3105 degerent
597 3029 686 3088 vitam
702 3026 808 3089 boves:

123 3111 175 3173 Est
190 3115 277 3173 statio
292 3118 428 3192 separata
443 3129 476 3172 ac
492 3110 642 3172 diversum
656 3129 767 3190 geuus;

124 3196 181 3258 Sed
198 3197 302 3276 pulsus
316 3213 409 3274 regno
422 3194 554 3257 nemoris
568 3198 620 3276 qui
635 3197 812 3276 profugerit,

123 3281 243 3342 Paludis
257 3282 289 3341 in
304 3288 419 3342 secreta
435 3283 534 3341 reniet
547 3279 670 3343 latibula

123 3364 161 3426 Et
176 3365 361 3445 proculcatas
375 3364 493 3426 obteret
506 3365 581 3426 duro
595 3365 682 3445 pede.
1052 3371 1087 3424 10

123 3447 167 3512 lta
182 3457 269 3530 caput
284 3448 321 3511 ad
336 3458 469 3510 nostrum
483 3449 570 3511 iuror
583 3450 704 3512 illorum
718 3450 861 3531 pertinet.
