2438 3824
320 181 369 238 Du
383 181 545 238 PHAEDRI
558 181 645 237 VITA
658 181 706 236 ΕΤ
719 178 885 238 scelests,
1039 188 1078 240 XI

184 331 289 393 Restat
308 339 341 392 ut
362 331 505 412 quaedam
526 331 669 391 memoria
690 349 748 392 non
763 329 883 406 indigua
898 327 1033 389 hocloco
1047 327 1078 390 in

123 424 313 497 conspectum
327 416 518 478 adducamus.
560 415 657 477 Fuere
672 423 771 476 autem
785 414 858 475 hacc
873 415 1077 495 potissimum.

122 551 245 612 antehac
261 550 316 620 lll,
334 547 366 622 1,
381 547 402 613 6
418 549 667 631 pronuntiandum
683 549 835 611 ‘anthac'.

122 635 280 696 benficium
295 654 350 716 pro
366 634 510 697 beneflcio
525 635 552 706 l,
567 631 622 704 22,
639 631 669 696 8.
698 632 739 694 lll
759 634 828 715 epil.
846 629 896 696 18.

122 719 286 781 corcodilus
301 739 355 799 pro
370 720 518 781 crocodilo
532 719 559 788 l,
575 715 632 790 25,
647 713 679 779 4.
695 713 726 779 6.

121 805 189 866 dein
206 823 324 885 semper
338 804 581 885 monosyllabum.

122 888 229 951 deinde
244 907 362 969 semper
376 889 561 970 disyllabum.

121 974 192 1035 ditis
207 992 263 1054 pro
278 974 378 1034 divitis
392 992 459 1054 app.
477 970 531 1043 14,
547 968 578 1035 6.

121 1059 236 1120 diutius
250 1058 276 1129 l,
292 1055 326 1129 2,
345 1055 393 1119 16.
426 1060 466 1119 ita
482 1076 600 1138 semper
615 1076 718 1118 omnes
734 1065 848 1137 poetae.

122 1151 223 1204 eruut
238 1144 364 1222 perlecti
379 1161 467 1222 saepe
483 1144 609 1222 corripit
622 1141 784 1205 Phaedrus.

122 1230 199 1289 lame
213 1245 344 1305 semper,
366 1244 424 1287 non
440 1227 525 1287 lamb.

123 1314 267 1373 lurtuItus
281 1310 321 1380 ll,
336 1307 372 1379 4,
388 1307 423 1380 4,
439 1311 477 1370 ci.
494 1309 522 1371 d.
538 1328 564 1371 r.
580 1329 619 1372 m.
635 1306 708 1375 258.

123 1395 222 1456 hercle
238 1413 295 1455 non
310 1394 431 1456 hercule
446 1395 473 1465 l,
494 1391 525 1463 1,
544 1391 591 1456 12.

123 1481 201 1540 iacio
223 1481 254 1540 in
275 1481 447 1558 compositis
466 1488 606 1558 sequente
628 1482 638 1540 1
660 1481 768 1542 amittit
788 1482 914 1560 primam
935 1480 1075 1552 litteram,

165 1565 207 1626 ita
225 1572 323 1625 tamen
344 1571 454 1626 utnon
482 1566 662 1646 corripiatur
684 1566 761 1646 apud
782 1566 949 1627 Phaedrum
968 1567 1077 1647 syllaba

164 1648 355 1728 praecedens.

123 1734 184 1793 ·ius
197 1735 360 1812 genetivus.

122 1817 202 1878 illius
216 1817 256 1878 lll
271 1816 346 1897 prol.
359 1815 410 1880 38.
441 1817 521 1880 illius
536 1818 564 1888 l,
582 1815 630 1887 14,
646 1814 682 1890 8;
705 1819 808 1880 eadem
823 1821 934 1899 passim
948 1820 980 1881 in
995 1821 1077 1882 siml·

161 1901 241 1963 libus
254 1902 489 1982 deprehenditur
506 1903 683 1964 dillerentia.

121 1997 182 2057 ·ius
202 1995 247 2056 vel
266 1997 327 2057 ium
343 1994 594 2057 substantivorum
608 1995 695 2056 modo
710 1995 802 2058 abicit
817 1996 939 2058 alteram
955 1999 966 2057 i
980 1999 1012 2058 in
1027 2015 1077 2076 ge·

162 2082 261 2141 nctivo
276 2081 362 2141 modo
377 2083 496 2142 retinet.

119 2174 229 2236 intrare
244 2174 283 2234 cl.
300 2183 359 2235 not.
377 2173 472 2234 Bentl.
488 2172 523 2233 ad
539 2172 573 2241 V,
590 2169 639 2242 10,
656 2170 674 2235 'l
693 2181 723 2235 et
737 2174 766 2235 d.
782 2191 808 2235 r.
824 2193 864 2234 m.
879 2169 951 2235 315.

121 2258 252 2339 liquidus
266 2258 293 2328 l,
308 2253 365 2328 26,
379 2253 402 2319 4
416 2258 455 2319 cl.
471 2257 498 2318 d.
515 2275 541 2318 r.
557 2276 596 2318 rn.
611 2255 683 2319 314.

119 2342 216 2422 liquor
230 2342 258 2412 l,
278 2341 309 2411 1,
325 2338 356 2404 8.

119 2427 230 2489 locusta
246 2446 313 2506 app.
328 2422 380 2495 30,
397 2424 425 2496 7,
442 2427 480 2487 cl.
497 2426 525 2487 d.
542 2445 567 2487 r.
583 2446 622 2487 ru.
637 2423 710 2487 353.

118 2512 287 2574 mehercule
303 2513 365 2572 sive
381 2510 564 2572 mehercules
585 2529 702 2590 semper
721 2510 925 2592 trisyllabum,
946 2531 1078 2593 pronun·

160 2595 294 2658 tiandum
309 2595 438 2655 mercule
454 2603 485 2655 et
500 2595 655 2656 mercules.

119 2683 549 2768 mmmmmffldd9d

118 2774 207 2843 mihi,
231 2772 302 2842 tihi,
324 2771 396 2842 sibi,
419 2772 477 2842 ibi,
499 2772 552 2833 uhi
572 2771 659 2833 modo
675 2774 845 2853 producunt
860 2774 981 2835 finalem
996 2772 1083 2836 modo

161 2860 336 2936 corripiunt.

118 2950 228 3012 miluus
242 2967 359 3029 semper
374 2949 568 3030 trisyllabum.

72 3072 75 3078 ·
118 3037 220 3096 nescio
236 3037 303 3115 quis
319 3034 374 3104 lll,
390 3031 425 3122 9,
440 3030 461 3096 5
477 3035 513 3096 al.
530 3054 590 3097 uuo
606 3036 749 3102 vocabulo
764 3036 969 3108 ellereudum;
985 3035 1085 3116 explet

161 3128 258 3181 autem
273 3137 416 3198 paeonem
432 3122 571 3198 primurn.

119 3202 161 3264 uil
176 3222 229 3282 pro
245 3203 317 3264 nihil
334 3203 388 3273 lll,
407 3199 461 3275 10,
476 3201 516 3266 51
533 3205 569 3266 al.

120 3285 282 3364 notal,3,
301 3285 337 3347 11
355 3288 391 3349 al.

120 3371 190 3430 nbtu
206 3370 245 3431 lll
260 3372 333 3450 prul.
349 3369 400 3434 49.

119 3459 241 3516 notesco
255 3454 288 3525 V,
305 3453 334 3527 t,
349 3454 399 3520 35.
