2438 3824
120 168 164 235 60
399 172 564 232 Peaeum
582 173 807 232 FABVLARVM

122 325 228 403 Plagae
243 331 419 404 supersunt,
435 325 542 386 desunt
556 325 629 385 mihi
645 324 774 395 cibaria;

123 408 257 470 Subinde
273 408 310 470 ad
325 410 423 470 villam
439 411 541 470 mittor
557 411 621 471 sine
636 410 755 470 uiatico.

122 493 206 556 Domi
224 496 250 555 si
265 502 383 564 coenat,
400 495 471 555 totis
485 501 586 574 persto
601 493 747 564 noctibus,

124 578 191 640 Sive
208 586 253 639 est
267 584 401 649 vocatus,
417 580 501 640 iaceo
516 578 552 640 ad
568 579 663 640 lucem
678 580 709 639 in
724 580 841 641 semita.

123 663 245 725 Emerui
259 662 444 733 libertatern,
461 682 553 724 canus
567 664 675 724 servio.

124 748 221 810 Ullius
235 767 332 810 essem
347 748 450 827 culpae
463 748 538 809 mibi
553 750 578 808 si
593 749 738 818 conscius,

123 834 224 914 Aequo
237 833 337 893 animo
351 833 478 894 serrem:
506 850 666 912 numquam
680 832 857 894 sumiaotus
872 839 954 895 satur

123 917 161 979 Et
174 935 264 997 super
279 917 382 978 infelix
397 935 516 980 saevum
531 918 629 997 patior
642 916 819 978 dominium.

124 1002 183 1064 llas
197 1010 320 1082 propter
334 1020 438 1063 causas
452 1009 482 1062 et
497 1020 569 1082 quas
584 999 704 1080 longum
718 1008 765 1062 est
774 1019 927 1082 promere,

124 1086 214 1148 Abire
230 1087 391 1156 destinavi,
407 1105 466 1167 quo
480 1087 603 1148 tulerint
617 1086 718 1166 pedes.
1017 1147 1018 1150 ,
1054 1091 1087 1143 la

123 1172 220 1250 Ergo,
236 1173 349 1251 inquit,
365 1172 451 1232 audi:
475 1189 541 1232 eum
557 1171 626 1232 mali
642 1170 685 1233 nil
700 1172 819 1241 leceris,

124 1256 204 1318 llaec
220 1257 382 1336 experiris,
399 1262 432 1317 ut
445 1256 558 1326 reiers,
574 1255 776 1317 incommoda:

124 1340 200 1411 Quid
215 1342 240 1400 si
256 1339 407 1420 peccaris?
427 1358 503 1420 quae
519 1348 547 1401 te
562 1358 721 1419 passurum
732 1337 838 1420 putas?
887 1334 891 1341 ’
931 1352 933 1355 “

124 1423 189 1486 'lali
204 1424 328 1485 consilio
343 1432 388 1486 est
403 1442 419 1485 a
433 1425 503 1502 luga
519 1424 691 1486 deterritus.

457 1577 650 1638 FABVLA
671 1579 751 1638 XIX.

201 1675 344 1736 EQVVS
370 1674 663 1737 QVADRIGALIS
689 1675 739 1727 IN
763 1675 1004 1730 mmmm

450 1743 758 1797 VENVMDA'I'VS.

216 1825 373 1881 Ferendum
390 1841 453 1904 esse
468 1813 559 1892 aequo
577 1823 683 1891 animo,
701 1823 836 1894 quicquid
854 1823 996 1879 acciderit

166 1922 281 2003 Equum
297 1942 314 1985 e
330 1923 472 2003 quadriga
488 1922 590 1983 multis
604 1922 711 2003 palmis
725 1921 857 1984 nobilem

125 2008 232 2085 Abegit
246 2007 367 2088 quidam
382 2009 457 2069 etin
472 2008 630 2087 pistrinum
646 2007 787 2069 vendidit.

124 2092 291 2154 Productus
305 2091 342 2154 ad
358 2091 519 2152 bibendum
534 2110 602 2153 cum
618 2093 695 2153 foret
709 2111 725 2153 a
741 2089 837 2162 molis,

124 2177 158 2239 ln
173 2179 287 2238 circum
302 2176 440 2257 aequales
456 2178 500 2237 ire
516 2179 671 2256 conspexit
684 2194 763 2246 suos,

124 2261 160 2324 vt
175 2268 258 2340 grata
273 2261 353 2323 ludis
367 2261 528 2322 redderent
542 2263 714 2322 certamina.
748 2329 751 2336 ¹

123 2345 269 2408 Lacrimis
284 2345 414 2407 obortis:
444 2345 488 2407 lte
503 2345 621 2415 felices,
638 2347 688 2415 aii,

124 2430 279 2494 Celebrate
295 2431 360 2492 sine
375 2449 422 2491 me
437 2448 527 2492 cursu
542 2429 714 2491 sollemnem
730 2429 827 2502 diem;

46 2543 48 2546 >
124 2515 187 2594 Ego
201 2533 260 2595 quo
275 2514 400 2576 scelesta
415 2516 491 2576 iuris
505 2517 626 2576 attraxit
641 2533 754 2586 manus,

124 2599 170 2662 lbi
186 2607 265 2661 sorte
280 2601 361 2661 tristi
376 2600 435 2662 iata
451 2598 568 2660 delleho
583 2618 658 2661 mea.

466 2728 661 2813 unsina
682 2753 746 2813 xx.

387 2851 542 2905 VRSVS
567 2850 822 2904 neumare.

168 2947 200 3008 Si
214 2947 333 3028 quando
347 2948 378 3007 in
394 2946 477 3007 silvis
491 2964 561 3006 urso
576 2946 685 3007 desunt
699 2947 810 3026 copiae,

126 3032 318 3112 Scopulosum
335 3031 370 3092 ad
386 3030 471 3092 littus
485 3031 580 3091 currit
594 3039 624 3092 et
639 3031 790 3110 prendens
803 3037 919 3109 petram

125 3117 221 3178 Pilosa
237 3134 325 3176 crura
340 3118 450 3177 sensim
467 3116 596 3177 demittit
610 3114 698 3186 vado;

125 3199 256 3271 Quorum
272 3202 351 3261 inter
365 3201 450 3261 villos
466 3201 566 3260 caneri
581 3200 667 3263 simul
682 3206 715 3259 ut
729 3199 898 3269 haeserunt,

125 3285 159 3346 ln
175 3293 285 3346 terram
301 3286 450 3364 arripiens
466 3285 579 3345 excutit
593 3284 732 3363 praedam
747 3285 838 3344 maris
1067 3287 1087 3340 b

125 3370 259 3450 Escaque
275 3370 385 3430 fruitur
399 3371 509 3449 passim
525 3369 645 3429 collecta
661 3370 753 3429 valer.

117 3523 120 3525 Α
139 3452 245 3532 ‚targa
260 3455 349 3514 etiam
364 3453 462 3514 stultis
477 3455 557 3514 acuit
569 3455 723 3532 ingenium
738 3454 841 3515 fames
