2438 3824
121 169 164 236 42
399 178 562 234 PHAEDRI
582 178 805 235 FABVLARVM

448 381 638 442 FABVLA
659 383 754 442 XXII.

433 488 494 540 Du}
520 488 769 540 SIMONIDE.

163 591 258 652 iiomo
273 591 377 653 doetus
391 594 422 652 iu
438 610 469 652 se
484 609 603 671 semper
617 590 735 653 divitias
751 590 848 653 hahet.

123 675 304 746 Simonides,
321 679 372 757 qui
388 679 509 756 scripsit
524 678 677 754 egregium
692 676 792 745 melos,

123 759 185 831 Quo
201 769 406 840 paupertatem
422 763 583 822 sustineret
600 761 726 831 facilius,

123 846 240 907 Circum
257 848 302 906 ire
317 848 415 924 eoepit
429 844 519 906 urbes
534 847 619 907 Asiae
635 844 758 916 nobiles,

121 929 257 990 Mercede
273 938 392 1010 accepta
408 929 523 991 laudem
538 932 682 990 victorum
698 948 816 991 canens.
1062 939 1081 991 ὅ

122 1015 183 1075 Hoc
199 1032 309 1092 genere
324 1023 464 1095 quaestus
478 1022 632 1095 postquam
648 1014 780 1094 locuples
794 1014 889 1075 iactus
903 1021 958 1085 est,

123 1098 232 1159 Redire
248 1101 279 1160 in
295 1102 421 1179 patriam
437 1099 529 1159 voluit
544 1116 633 1159 cursu
648 1099 778 1179 pelagio;

121 1182 194 1245 Erat
208 1191 321 1266 autem,
340 1191 372 1244 ut
387 1186 484 1254 aiunt,
501 1191 588 1244 natus
602 1185 633 1244 in
649 1184 700 1245 Cia
716 1183 827 1244 insula:

122 1267 262 1329 Ascendit
276 1287 396 1337 navem,
412 1286 499 1348 quarn
514 1275 676 1347 tempestas
690 1268 811 1328 horrida

122 1351 215 1413 Simul
230 1359 261 1412 et
275 1360 404 1413 vetustas
419 1353 517 1412 medio
532 1351 665 1413 dissolvit
679 1355 767 1414 mari.
1046 1359 1081 1413 10

121 1436 159 1497 iii
176 1455 278 1506 zonas,
294 1436 336 1497 illi
353 1454 403 1497 res
416 1439 563 1516 pretiosas
577 1437 729 1515 coliigunt,

122 1519 293 1582 Subsidium
310 1523 397 1583 vitae.
427 1518 551 1591 Quidam
567 1523 728 1582 curiosior:

122 1605 287 1676 Simonide,
303 1613 336 1666 tu
351 1624 387 1666 ex
402 1605 509 1685 opibus
523 1604 564 1665 nil
579 1608 671 1667 sumis
686 1606 762 1667 tuis?

121 1689 250 1759 Mecum,
268 1691 380 1771 inquit,
396 1709 460 1751 mea
476 1698 545 1750 suut
559 1698 674 1752 cuncta.
705 1691 788 1753 Tunc
803 1692 890 1772 pauci
906 1699 1035 1764 enatant,

122 1773 196 1846 Quia
212 1773 312 1854 plures
326 1793 416 1836 onere
431 1774 581 1853 degravati
596 1777 758 1854 perierant.
1046 1782 1079 1834 lli

121 1858 290 1920 Praedones
304 1860 425 1930 adsunt,
440 1861 574 1939 rapiunt,
591 1859 669 1938 quod
684 1861 809 1940 quisque
825 1857 940 1930 extulit,

121 1943 222 2004 Nudos
236 1943 416 2023 relinquunt.
447 1944 536 2005 Forte
552 1943 742 2006 Clazomenae
756 1961 850 2023 prope

122 2028 249 2106 Antiqua
264 2027 321 2089 luit
336 2027 423 2097 urbs,
439 2047 526 2107 quam
542 2031 691 2107 petierunt
706 2029 851 2106 naufragi.

121 2111 177 2172 Hic
192 2111 357 2172 litterarum
374 2112 493 2191 quidam
508 2112 605 2173 studio
621 2113 747 2183 deditus,

122 2195 284 2256 Simonidis
298 2197 348 2275 qui
365 2214 452 2276 saepe
468 2214 568 2256 versus
583 2195 696 2274 legerat

120 2279 250 2360 Eratque
265 2279 397 2342 absentis
411 2281 572 2343 admirator
587 2284 742 2352 maximus,

121 2364 263 2427 Sermone
280 2362 317 2425 ab
332 2367 397 2445 ipso
411 2367 560 2443 cognitum
576 2366 768 2445 cupidissime

121 2449 165 2511 td
181 2467 212 2510 se
228 2451 357 2528 recepit;
374 2457 468 2520 veste,
484 2453 628 2520 nummis,
645 2451 755 2512 familia

121 2533 277 2594 Hominem
292 2536 455 2595 exornavit.
485 2533 583 2596 Ceteri
599 2533 728 2596 tabulam
743 2554 827 2598 suam

121 2617 243 2679 Portant
256 2626 395 2695 rogantes
410 2620 528 2679 victum.
558 2617 637 2690 Quos
651 2636 723 2680 casu
737 2618 839 2682 obvios
1043 2628 1078 2681 25

122 2700 287 2762 Simonides
301 2709 334 2762 ut
349 2702 436 2763 vidit:
466 2701 549 2771 Dixi,
564 2705 676 2783 inquit,
693 2721 757 2765 mea

120 2783 234 2845 Mecum
249 2802 314 2845 esse
329 2793 451 2857 cuucta;
467 2805 518 2847 vos
532 2787 611 2868 quod
625 2789 782 2866 rapuistis,
798 2789 889 2868 perit.

437 2990 630 3050 EABVLA
651 2992 760 3051 XXIH.

362 3095 494 3147 MONS
511 3096 830 3148 PAR'PVRIENS.

162 3198 246 3260 Mons
260 3197 440 3278 parturibat,
456 3200 586 3276 gemitus
600 3201 733 3259 inmanes
747 3201 839 3269 ciens,

121 3282 250 3363 Eratque
265 3285 297 3344 in
312 3285 403 3343 terris
417 3284 543 3344 maxima
558 3284 747 3362 exspectatio.

121 3368 158 3429 tt
172 3367 347 3455 iliegmurem
363 3369 489 3447 peperit.
520 3366 582 3427 Hoc
597 3369 739 3445 scriptum
755 3365 878 3441 esttibi,

121 3450 194 3522 Qui,
210 3469 315 3530 magua
329 3468 397 3512 cum
411 3452 551 3522 minans,
567 3453 695 3513 extricas
709 3451 793 3514 nihil.

189 3756 220 3784 Δ
308 3758 331 3783 Ι.
