2438 3824
147 171 190 236 20
425 175 587 232 PHAumtr
607 175 830 232 FABVLARVM

149 327 290 389 Adfectus
305 326 442 407 proprios
456 328 489 388 in
504 325 627 387 tabelias
641 325 792 387 transtulit

149 412 390 490 Calumniamque
407 411 485 472 lictis
499 410 588 471 elusit
603 412 686 472 iocis

149 496 211 574 Ego
226 513 316 575 porro
331 495 412 556 iliius
426 496 530 556 semita
546 497 605 557 ieci
621 497 707 568 dam,

149 580 186 642 Et
201 582 327 657 cogitavi
342 580 425 660 plura
442 598 530 660 quam
545 579 714 660 reliquerat,

149 665 182 726 ln
198 665 393 726 calamitatem
409 665 542 743 deligens
556 665 701 745 quaedam
716 683 821 726 meam

148 747 231 820 Quod
247 752 273 810 si
288 756 443 812 accusator
459 749 534 825 alius
549 749 657 810 Seiano
671 750 758 819 soret,

149 834 180 895 Si
196 836 283 896 testis
297 834 387 903 alius,
403 834 493 896 iudex
508 834 584 895 alius
598 834 736 913 denique,

149 919 275 996 Dignum
291 919 404 980 faterer
419 937 484 980 esse
500 937 546 980 me
562 921 654 979 tantis
668 918 762 994 malis,

149 1003 211 1064 Nec
225 1003 272 1064 his
287 1003 419 1065 dolorem
431 1000 594 1063 delenirem
606 1002 757 1063 remediis.

149 1087 317 1167 Suspitione
332 1091 427 1168 siquis
441 1088 556 1150 errabit
570 1106 622 1148 sua

148 1173 186 1234 Et
200 1176 298 1253 rapiet
312 1173 349 1234 ad
364 1191 412 1243 se,
427 1172 505 1253 quod
521 1175 581 1233 erit
595 1188 750 1233 commune
766 1174 908 1244 omnium,

149 1257 244 1318 Stulte
260 1257 384 1318 nudabit
399 1259 489 1319 animi
504 1258 724 1318 conscientiam.

148 1342 225 1403 Huic
241 1351 411 1403 excusatum
427 1361 473 1402 me
491 1340 576 1402 velim
592 1340 685 1402 nihilo
700 1343 813 1403 minus:

149 1426 252 1506 Neque
268 1428 348 1489 enim
364 1435 467 1488 notare
483 1426 616 1504 singulos
631 1444 715 1487 mens
730 1432 776 1487 est
791 1426 875 1496 mibi,

148 1511 258 1572 Verum
273 1513 367 1591 ipsam
382 1513 472 1573 vitam
487 1518 517 1572 et
533 1528 631 1571 mores
645 1510 798 1571 hominum
814 1511 982 1572 ostendere.

190 1595 264 1656 Rem
279 1614 326 1657 me
341 1597 509 1675 professum
525 1595 604 1656 dicet
619 1595 682 1656 iors
696 1595 803 1673 aliquis
818 1613 947 1672 gravem.

149 1680 182 1742 Si
197 1680 296 1760 Phryx
311 1681 442 1761 Aesopus
456 1681 568 1760 potuit,
585 1681 610 1740 si
625 1679 803 1741 Anacharsis
818 1678 927 1759 Scytha

150 1767 306 1827 Aeternam
321 1764 428 1827 tamam
443 1764 572 1826 condere
587 1765 709 1842 ingenio
724 1781 793 1824 suo:

149 1849 226 1927 Ego,
241 1848 389 1911 litteratae
405 1851 456 1930 qui
473 1868 538 1911 sum
554 1851 675 1929 propior
690 1847 841 1919 Graeciae,

150 1935 210 1996 Cur
224 1951 327 1996 somno
342 1935 436 1995 inerti
451 1934 586 1995 deseram
601 1936 715 2014 patriae
731 1932 840 1994 deensi

150 2017 289 2080 Threissa
305 2036 371 2078 cum
386 2035 460 2097 gens
474 2025 612 2080 numeret
626 2026 762 2079 auctores
777 2035 855 2088 suos.

150 2103 284 2184 Linoque
299 2102 401 2182 Apollo
416 2105 456 2164 sit
469 2121 593 2182 parens,
609 2103 691 2163 Musa
706 2101 835 2181 Orpheo,

150 2186 206 2258 Qui
221 2205 290 2249 saxa
306 2195 395 2248 cantu
409 2189 502 2248 morit
515 2195 546 2248 et
560 2187 674 2248 domuit
688 2186 769 2247 ieras

149 2270 302 2352 Hebrique
316 2273 414 2333 tenuit
428 2273 548 2351 inpetus
562 2271 644 2333 dulci
659 2288 751 2332 mora.

149 2355 229 2434 Ergo
243 2355 314 2417 hinc
331 2355 433 2418 abesto
447 2356 539 2426 livor.
556 2374 593 2417 oe
608 2356 718 2417 trustra
734 2373 844 2434 gemas,

149 2438 293 2512 Quoniam
310 2439 463 2502 sollemnis
478 2440 550 2501 mihi
567 2439 692 2501 debetur
707 2440 809 2518 gloria.

191 2525 298 2586 induxi
313 2533 343 2586 te
359 2525 394 2585 ad
410 2524 585 2602 legendum:
600 2527 750 2586 sincerum
764 2524 838 2586 mihi

150 2608 285 2671 Candore
300 2616 370 2670 noto
384 2610 491 2671 reddas
506 2609 649 2670 iudicium
664 2617 744 2688 peto.

510 2762 704 2824 FABVLA
724 2764 751 2824 Ι.

400 2860 516 2913 ANVS
533 2861 592 2912 AD
609 2861 866 2914 AMPHORAM.

193 2950 274 3010 Anus
289 2950 387 3008 iacere
403 2946 477 3007 vidit
492 2954 609 3026 epotam
624 2947 806 3026 amphoram,

152 3031 255 3093 Adbuc
270 3032 396 3093 Falerna
410 3032 493 3092 faece
509 3049 526 3091 e
540 3038 616 3092 testa
632 3031 725 3092 nobili
740 3101 741 3104 Ἴ

152 3115 280 3177 Odorem
295 3134 370 3196 quae
385 3115 545 3176 iocundum
561 3115 619 3177 late
635 3123 797 3196 spargeret.

153 3198 238 3261 Hunc
253 3209 408 3280 postquam
423 3202 494 3261 totis
509 3200 594 3261 avida
609 3202 700 3262 traxit
715 3199 853 3262 naribus:

65 3291 68 3298 '
153 3283 291 3345 Osuavis
306 3283 419 3346 animat
440 3284 527 3364 quale
543 3287 573 3346 in
589 3291 619 3345 te
634 3285 730 3346 dicam
746 3284 856 3346 bonum

152 3368 283 3430 Antehac
299 3370 406 3444 tuisse,
422 3369 497 3430 tales
512 3388 579 3430 cum
595 3371 655 3431 sint
670 3370 832 3449 reliquiae?

193 3451 256 3514 Hoc
271 3471 329 3533 quo
342 3455 507 3534 pertineat,
524 3453 617 3525 dicet,
633 3455 684 3536 qui
699 3473 746 3517 me
762 3457 890 3518 noverit.
