2438 3824
154 163 198 230 40
433 169 594 226 PHAEDRI
614 169 838 226 FABVLARVM

156 320 242 382 Vetat
256 319 367 382 dimitti
382 338 506 398 magnus
520 318 585 380 illos
600 319 744 399 Iuppiter.

156 404 255 466 Mirati
270 402 328 465 sibi
345 405 457 482 legatos
471 423 529 465 non
546 407 700 474 revertier,

156 489 257 568 Turpe
272 491 463 551 aestimantes
477 488 590 569 aliquid
605 492 794 550 commissum
811 509 827 552 a
842 492 914 561 suis,

156 574 227 636 Post
242 572 360 655 aliquod
376 582 493 653 tempus
508 573 581 634 alios
595 574 724 634 adscribi
740 573 855 635 iubent.

155 658 267 720 Rumor
282 658 393 737 legatos
406 661 576 738 superiores
589 659 732 738 prodidit.

155 743 309 804 Timentes
323 760 428 804 rursus
441 743 552 824 aliquid
568 761 605 804 ue
620 743 718 804 simile
734 743 858 813 accidat,

155 828 253 889 Odore
268 827 392 888 canibus
407 845 510 897 anum,
527 827 578 888 sed
594 827 700 896 multo,
716 826 841 907 replent.

154 912 289 974 Mandata
305 911 389 973 dant:
413 911 501 990 legati
517 914 690 982 mittuntur,
707 915 807 972 statim

155 996 281 1059 Abeunt.
311 996 460 1074 Rogantes
475 996 586 1057 aditum
602 999 742 1058 continuo
756 999 917 1076 inpetrant.

155 1082 296 1144 Consedit
309 1083 427 1159 genitor
440 1088 504 1143 tum
519 1080 643 1142 deorum
657 1083 803 1142 maximus

154 1165 337 1246 Quassatque
353 1166 479 1227 lulmen:
503 1174 631 1226 tremere
647 1184 772 1245 coepere
788 1168 895 1227 omnia.

154 1250 248 1313 Canes
264 1251 393 1319 confusi,
411 1248 528 1311 subitus
542 1250 620 1330 quod
636 1251 733 1311 luerat
748 1252 857 1328 tragon,

153 1335 287 1415 Repente
302 1335 423 1395 odorem
440 1337 563 1394 mixtum
580 1353 645 1395 cum
662 1336 774 1396 merdis
788 1340 901 1396 cacant.

153 1419 326 1482 Reclamant
340 1438 457 1488 omnes,
473 1419 677 1480 vindicandam
694 1422 846 1481 iniuriam.

154 1504 204 1566 Sic
219 1513 263 1565 est
277 1504 393 1564 locutus
407 1511 474 1565 ante
489 1522 613 1583 poenam
628 1503 776 1584 Iuppiter:

153 1590 278 1668 Legatos
294 1606 352 1648 non
367 1597 412 1649 est
427 1591 507 1666 regis
522 1607 580 1648 non
596 1587 756 1658 dimittere,

153 1674 214 1736 Nec
228 1681 274 1734 est
289 1673 408 1734 dilticile
424 1692 534 1754 poenas
550 1672 652 1753 culpae
668 1676 827 1752 inponere;

153 1759 212 1820 Sed
227 1758 284 1818 hoc
299 1760 402 1819 leretis
417 1776 471 1838 pro
487 1758 598 1820 iudicio
615 1760 795 1837 praemium:

152 1842 218 1904 Non
233 1852 299 1905 reto
315 1842 439 1912 dimitti,
455 1861 556 1903 verum
572 1845 701 1904 cruciari
718 1844 805 1913 lame,

152 1928 196 1989 Ne
211 1936 345 1988 ventrem
360 1929 514 1988 continere
530 1946 587 1987 non
603 1930 718 2007 possint
732 1946 828 1988 suum.

152 2012 196 2073 Rli
212 2020 325 2082 autem,
341 2013 392 2091 qui
408 2013 553 2073 miserunt
568 2029 619 2072 vos
633 2020 692 2073 tam
708 2013 816 2082 sutiles,

151 2096 316 2177 Numquam
332 2095 475 2158 carebunt
492 2096 619 2157 hominis
634 2097 819 2158 contumelia.

153 2178 211 2260 [lta
227 2199 305 2242 nunc
320 2181 432 2258 legatos
446 2187 650 2259 exspectantes
664 2183 784 2261 posteri.

151 2263 265 2326 Novum
279 2267 381 2326 venire
396 2266 448 2345 qui
463 2265 556 2335 videt,
572 2265 670 2326 culum
685 2262 810 2346 olfacit]

485 2416 676 2478 FABVLA
696 2418 776 2478 XIX.

262 2515 462 2568 ammte.
496 2516 807 2568 MISERIOOBDIA
822 2516 995 2572 1tt001vA.

193 2600 250 2673 uui
265 2603 325 2663 lert
338 2603 424 2664 malis
439 2603 593 2672 auxilium,
610 2611 675 2681 post
689 2611 806 2682 tempus
821 2603 908 2664 dolet

151 2687 224 2749 Gelu
239 2688 384 2764 rigentem
398 2687 517 2766 quidam
533 2687 685 2748 colubram
702 2688 820 2749 sustulit

151 2772 283 2851 Sinuque
297 2772 383 2841 lovit,
399 2780 501 2832 contra
516 2788 548 2831 se
563 2774 627 2851 ipse
643 2773 829 2844 misericors;

150 2856 282 2935 Namque
298 2863 330 2918 ut
345 2857 456 2916 relecta
472 2862 533 2925 est,
549 2857 650 2917 necuit
665 2856 815 2917 hominem
830 2858 973 2936 protinus.

149 2941 231 3002 Hanc
246 2939 302 3001 alia
317 2959 383 3001 curn
401 2947 520 3014 rogaret
533 2958 652 3001 causam
668 2941 816 3005 facinoris.
1088 2950 1106 3004 5

148 3023 328 3105 Respondit:
359 3023 473 3105 Nequis
487 3023 582 3084 diseat
595 3025 738 3104 prodesse
754 3025 898 3106 inprobis.

490 3175 681 3238 FABVLA
701 3178 765 3238 XX.

393 3274 581 3337 vaPsrs
605 3275 665 3327 ΕΤ
690 3275 859 3328 DRACO.

188 3360 311 3442 Vulpes,
328 3361 427 3423 cubile
442 3362 572 3431 lodiens,
589 3361 657 3421 dum
673 3368 783 3422 terram
797 3362 875 3423 eruit

146 3447 273 3527 Agitque
286 3447 389 3527 plures
403 3447 492 3510 altius
507 3446 667 3516 cuniculos,
