<?xml version="1.0" encoding="UTF-8"?>
<!DOCTYPE html PUBLIC "-//W3C//DTD XHTML 1.0 Transitional//EN"
    "http://www.w3.org/TR/xhtml1/DTD/xhtml1-transitional.dtd">
<html xmlns="http://www.w3.org/1999/xhtml" xml:lang="en" lang="en">
 <head>
  <title>
</title>
<meta http-equiv="Content-Type" content="text/html;charset=utf-8" />
  <meta name='ocr-system' content='tesseract 3.04.00' />
  <meta name='ocr-capabilities' content='ocr_page ocr_carea ocr_par ocr_line ocrx_word'/>
</head>
<body>
  <div class='ocr_page' id='page_1' title='image "./phaedriaugustil00schagoog_0058.png"; bbox 0 0 2438 3824; ppageno 0'>
   <div class='ocr_carea' id='block_1_1' title="bbox 514 182 690 241">
    <p class='ocr_par' dir='ltr' id='par_1_1' title="bbox 514 182 690 241">
     <span class='ocr_line' id='line_1_1' title="bbox 514 182 690 241; baseline 0.006 -1"><span class='ocrx_word' id='word_1_1' title='bbox 514 182 622 240; x_wconf 79' lang='lat' dir='ltr'>LIBER</span> <span class='ocrx_word' id='word_1_2' title='bbox 642 183 690 241; x_wconf 85' lang='lat' dir='ltr'><strong>IV.</strong></span> 
     </span>
    </p>
   </div>
   <div class='ocr_carea' id='block_1_2' title="bbox 371 333 834 487">
    <p class='ocr_par' dir='ltr' id='par_1_2' title="bbox 371 333 834 487">
     <span class='ocr_line' id='line_1_2' title="bbox 456 333 748 395; baseline 0.003 -1"><span class='ocrx_word' id='word_1_3' title='bbox 456 333 647 394; x_wconf 78' lang='lat' dir='ltr'><strong>FABVLA</strong></span> <span class='ocrx_word' id='word_1_4' title='bbox 667 333 748 395; x_wconf 85' lang='lat' dir='ltr'><strong>XVL</strong></span> 
     </span>
     <span class='ocr_line' id='line_1_3' title="bbox 371 431 834 487; baseline 0.006 -4"><span class='ocrx_word' id='word_1_5' title='bbox 371 432 429 483; x_wconf 73' lang='grc' dir='ltr'><strong>ΒΕ</strong></span> <span class='ocrx_word' id='word_1_6' title='bbox 447 431 599 484; x_wconf 79' lang='grc' dir='ltr'>ΟΔΡΒΙΒ</span> <span class='ocrx_word' id='word_1_7' title='bbox 615 432 834 487; x_wconf 79' lang='lat' dir='ltr'>BARBA&#39;I&#39;IS.</span> 
     </span>
    </p>
   </div>
   <div class='ocr_carea' id='block_1_3' title="bbox 120 517 878 1191">
    <p class='ocr_par' dir='ltr' id='par_1_3' title="bbox 121 517 878 1004">
     <span class='ocr_line' id='line_1_4' title="bbox 164 517 878 598; baseline 0 -18"><span class='ocrx_word' id='word_1_8' title='bbox 164 517 292 580; x_wconf 79' lang='lat' dir='ltr'><strong>Barbam</strong></span> <span class='ocrx_word' id='word_1_9' title='bbox 307 518 437 598; x_wconf 79' lang='lat' dir='ltr'>capellae</span> <span class='ocrx_word' id='word_1_10' title='bbox 453 537 520 580; x_wconf 92' lang='lat' dir='ltr'><strong>cum</strong></span> <span class='ocrx_word' id='word_1_11' title='bbox 536 520 735 598; x_wconf 80' lang='lat' dir='ltr'><strong>inpetrassent</strong></span> <span class='ocrx_word' id='word_1_12' title='bbox 749 518 786 580; x_wconf 90' lang='lat' dir='ltr'><strong>ab</strong></span> <span class='ocrx_word' id='word_1_13' title='bbox 801 519 878 591; x_wconf 85' lang='lat' dir='ltr'><strong>love,</strong></span> 
     </span>
     <span class='ocr_line' id='line_1_5' title="bbox 122 603 741 683; baseline 0 -19"><span class='ocrx_word' id='word_1_14' title='bbox 122 603 205 664; x_wconf 81' lang='lat' dir='ltr'><strong>Hirci</strong></span> <span class='ocrx_word' id='word_1_15' title='bbox 220 611 388 665; x_wconf 88' lang='lat' dir='ltr'><strong>maerentes</strong></span> <span class='ocrx_word' id='word_1_16' title='bbox 402 604 552 681; x_wconf 82' lang='lat' dir='ltr'><strong>indignari</strong></span> <span class='ocrx_word' id='word_1_17' title='bbox 569 611 741 683; x_wconf 86' lang='lat' dir='ltr'><strong>coeperunt,</strong></span> 
     </span>
     <span class='ocr_line' id='line_1_6' title="bbox 122 686 835 767; baseline -0.001 -18"><span class='ocrx_word' id='word_1_18' title='bbox 122 686 206 759; x_wconf 83' lang='lat' dir='ltr'><strong>Quod</strong></span> <span class='ocrx_word' id='word_1_19' title='bbox 221 687 393 766; x_wconf 85' lang='lat' dir='ltr'><strong>dignitatem</strong></span> <span class='ocrx_word' id='word_1_20' title='bbox 410 689 537 749; x_wconf 80' lang='lat' dir='ltr'><strong>iemtnae</strong></span> <span class='ocrx_word' id='word_1_21' title='bbox 553 695 727 767; x_wconf 80' lang='lat' dir='ltr'><strong>aequassent</strong></span> <span class='ocrx_word' id='word_1_22' title='bbox 742 706 835 749; x_wconf 86' lang='lat' dir='ltr'><strong>suam.</strong></span> 
     </span>
     <span class='ocr_line' id='line_1_7' title="bbox 122 772 714 852; baseline -0.002 -19"><span class='ocrx_word' id='word_1_23' title='bbox 122 772 233 842; x_wconf 82' lang='lat' dir='ltr'>Sinite,</span> <span class='ocrx_word' id='word_1_24' title='bbox 250 775 361 852; x_wconf 92' lang='lat' dir='ltr'><strong>inquit,</strong></span> <span class='ocrx_word' id='word_1_25' title='bbox 378 772 443 833; x_wconf 88' lang='lat' dir='ltr'><strong>illas</strong></span> <span class='ocrx_word' id='word_1_26' title='bbox 457 772 551 850; x_wconf 87' lang='lat' dir='ltr'><strong>gloria</strong></span> <span class='ocrx_word' id='word_1_27' title='bbox 566 791 639 834; x_wconf 89' lang='lat' dir='ltr'><strong>vana</strong></span> <span class='ocrx_word' id='word_1_28' title='bbox 655 773 714 833; x_wconf 87' lang='lat' dir='ltr'><strong>lrui</strong></span> 
     </span>
     <span class='ocr_line' id='line_1_8' title="bbox 121 856 732 936; baseline -0.003 -19"><span class='ocrx_word' id='word_1_29' title='bbox 121 856 158 917; x_wconf 89' lang='lat' dir='ltr'><strong>Et</strong></span> <span class='ocrx_word' id='word_1_30' title='bbox 173 875 316 936; x_wconf 90' lang='lat' dir='ltr'><strong>usurpare</strong></span> <span class='ocrx_word' id='word_1_31' title='bbox 333 859 422 918; x_wconf 87' lang='lat' dir='ltr'><strong>vestri</strong></span> <span class='ocrx_word' id='word_1_32' title='bbox 438 865 574 918; x_wconf 90' lang='lat' dir='ltr'><strong>ornatum</strong></span> <span class='ocrx_word' id='word_1_33' title='bbox 590 859 732 927; x_wconf 89' lang='lat' dir='ltr'><strong>muneris,</strong></span> 
     </span>
     <span class='ocr_line' id='line_1_9' title="bbox 121 941 771 1004; baseline 0.003 -2"><span class='ocrx_word' id='word_1_34' title='bbox 121 941 211 1004; x_wconf 87' lang='lat' dir='ltr'><strong>Pares</strong></span> <span class='ocrx_word' id='word_1_35' title='bbox 226 942 294 1002; x_wconf 92' lang='lat' dir='ltr'><strong>dum</strong></span> <span class='ocrx_word' id='word_1_36' title='bbox 310 960 369 1002; x_wconf 93' lang='lat' dir='ltr'><strong>non</strong></span> <span class='ocrx_word' id='word_1_37' title='bbox 385 944 445 1002; x_wconf 93' lang='lat' dir='ltr'><strong>sint</strong></span> <span class='ocrx_word' id='word_1_38' title='bbox 461 950 574 1003; x_wconf 90' lang='lat' dir='ltr'><strong>vestrae</strong></span> <span class='ocrx_word' id='word_1_39' title='bbox 589 942 771 1004; x_wconf 77' lang='lat' dir='ltr'><strong>fortitudini,</strong></span> 
     </span>
    </p>

    <p class='ocr_par' dir='ltr' id='par_1_4' title="bbox 120 1026 864 1191">
     <span class='ocr_line' id='line_1_10' title="bbox 162 1026 857 1104; baseline 0 -17"><span class='ocrx_word' id='word_1_40' title='bbox 162 1026 225 1087; x_wconf 89' lang='lat' dir='ltr'><strong>Hoc</strong></span> <span class='ocrx_word' id='word_1_41' title='bbox 240 1035 446 1104; x_wconf 84' lang='lat' dir='ltr'><strong>argumentum</strong></span> <span class='ocrx_word' id='word_1_42' title='bbox 460 1033 575 1096; x_wconf 90' lang='lat' dir='ltr'><strong>monet,</strong></span> <span class='ocrx_word' id='word_1_43' title='bbox 591 1034 623 1087; x_wconf 94' lang='lat' dir='ltr'><strong>ut</strong></span> <span class='ocrx_word' id='word_1_44' title='bbox 639 1029 786 1088; x_wconf 76' lang='lat' dir='ltr'><strong>sustineas</strong></span> <span class='ocrx_word' id='word_1_45' title='bbox 801 1026 857 1088; x_wconf 92' lang='lat' dir='ltr'><strong>tibi</strong></span> 
     </span>
     <span class='ocr_line' id='line_1_11' title="bbox 120 1108 864 1191; baseline 0 -19"><span class='ocrx_word' id='word_1_46' title='bbox 120 1108 232 1172; x_wconf 84' lang='lat' dir='ltr'><strong>Habitu</strong></span> <span class='ocrx_word' id='word_1_47' title='bbox 247 1128 313 1172; x_wconf 90' lang='lat' dir='ltr'><strong>esse</strong></span> <span class='ocrx_word' id='word_1_48' title='bbox 328 1111 455 1181; x_wconf 88' lang='lat' dir='ltr'><strong>simiIes,</strong></span> <span class='ocrx_word' id='word_1_49' title='bbox 472 1112 523 1190; x_wconf 91' lang='lat' dir='ltr'><strong>qui</strong></span> <span class='ocrx_word' id='word_1_50' title='bbox 538 1112 598 1172; x_wconf 89' lang='lat' dir='ltr'><strong>siut</strong></span> <span class='ocrx_word' id='word_1_51' title='bbox 613 1112 720 1171; x_wconf 82' lang='lat' dir='ltr'><strong>virtute</strong></span> <span class='ocrx_word' id='word_1_52' title='bbox 735 1113 864 1191; x_wconf 80' lang='lat' dir='ltr'><strong>inpares.</strong></span> 
     </span>
    </p>
   </div>
   <div class='ocr_carea' id='block_1_4' title="bbox 337 1246 858 1400">
    <p class='ocr_par' dir='ltr' id='par_1_5' title="bbox 337 1246 858 1400">
     <span class='ocr_line' id='line_1_12' title="bbox 446 1246 756 1307; baseline 0.006 -2"><span class='ocrx_word' id='word_1_53' title='bbox 446 1246 639 1307; x_wconf 82' lang='lat' dir='ltr'><strong>FABVLA</strong></span> <span class='ocrx_word' id='word_1_54' title='bbox 660 1246 756 1307; x_wconf 80' lang='lat' dir='ltr'>XVH.</span> 
     </span>
     <span class='ocr_line' id='line_1_13' title="bbox 337 1345 858 1400; baseline 0.006 -3"><span class='ocrx_word' id='word_1_55' title='bbox 337 1345 395 1398; x_wconf 73' lang='lat' dir='ltr'><strong>DE</strong></span> <span class='ocrx_word' id='word_1_56' title='bbox 411 1345 623 1397; x_wconf 72' lang='lat' dir='ltr'><strong>uonuvms</strong></span> <span class='ocrx_word' id='word_1_57' title='bbox 639 1345 858 1400; x_wconf 73' lang='lat' dir='ltr'><strong>HOMINVM.</strong></span> 
     </span>
    </p>
   </div>
   <div class='ocr_carea' id='block_1_5' title="bbox 120 1430 845 1934">
    <p class='ocr_par' dir='ltr' id='par_1_6' title="bbox 120 1430 845 1595">
     <span class='ocr_line' id='line_1_14' title="bbox 162 1430 845 1511; baseline 0.001 -18"><span class='ocrx_word' id='word_1_58' title='bbox 162 1431 236 1494; x_wconf 82' lang='lat' dir='ltr'><strong>Cum</strong></span> <span class='ocrx_word' id='word_1_59' title='bbox 251 1431 287 1492; x_wconf 89' lang='lat' dir='ltr'><strong>de</strong></span> <span class='ocrx_word' id='word_1_60' title='bbox 302 1432 431 1492; x_wconf 82' lang='lat' dir='ltr'><strong>fortunis</strong></span> <span class='ocrx_word' id='word_1_61' title='bbox 446 1430 565 1511; x_wconf 87' lang='lat' dir='ltr'><strong>quidam</strong></span> <span class='ocrx_word' id='word_1_62' title='bbox 581 1440 757 1510; x_wconf 87' lang='lat' dir='ltr'><strong>quereretur</strong></span> <span class='ocrx_word' id='word_1_63' title='bbox 772 1435 845 1503; x_wconf 86' lang='lat' dir='ltr'><strong>suis,</strong></span> 
     </span>
     <span class='ocr_line' id='line_1_15' title="bbox 120 1515 660 1595; baseline -0.002 -18"><span class='ocrx_word' id='word_1_64' title='bbox 120 1515 253 1595; x_wconf 78' lang='lat' dir='ltr'><strong>Aesopus</strong></span> <span class='ocrx_word' id='word_1_65' title='bbox 267 1517 352 1577; x_wconf 82' lang='lat' dir='ltr'><strong>llnxit</strong></span> <span class='ocrx_word' id='word_1_66' title='bbox 366 1515 534 1577; x_wconf 88' lang='lat' dir='ltr'><strong>consolandi</strong></span> <span class='ocrx_word' id='word_1_67' title='bbox 550 1517 660 1594; x_wconf 75' lang='lat' dir='ltr'><strong>gratia:</strong></span> 
     </span>
    </p>

    <p class='ocr_par' dir='ltr' id='par_1_7' title="bbox 120 1599 835 1934">
     <span class='ocr_line' id='line_1_16' title="bbox 162 1599 729 1680; baseline 0.004 -20"><span class='ocrx_word' id='word_1_68' title='bbox 162 1601 270 1662; x_wconf 81' lang='lat' dir='ltr'><strong>Vexata</strong></span> <span class='ocrx_word' id='word_1_69' title='bbox 286 1603 382 1662; x_wconf 88' lang='lat' dir='ltr'><strong>saevis</strong></span> <span class='ocrx_word' id='word_1_70' title='bbox 397 1603 479 1662; x_wconf 89' lang='lat' dir='ltr'><strong>navis</strong></span> <span class='ocrx_word' id='word_1_71' title='bbox 492 1599 729 1680; x_wconf 84' lang='lat' dir='ltr'><strong>tempestatibus,</strong></span> 
     </span>
     <span class='ocr_line' id='line_1_17' title="bbox 120 1685 818 1757; baseline 0.003 -11"><span class='ocrx_word' id='word_1_72' title='bbox 120 1685 201 1746; x_wconf 86' lang='lat' dir='ltr'><strong>luter</strong></span> <span class='ocrx_word' id='word_1_73' title='bbox 215 1693 366 1746; x_wconf 88' lang='lat' dir='ltr'><strong>vectorum</strong></span> <span class='ocrx_word' id='word_1_74' title='bbox 381 1686 519 1747; x_wconf 88' lang='lat' dir='ltr'><strong>lacrimas</strong></span> <span class='ocrx_word' id='word_1_75' title='bbox 534 1693 563 1747; x_wconf 88' lang='lat' dir='ltr'><strong>ot</strong></span> <span class='ocrx_word' id='word_1_76' title='bbox 578 1688 682 1746; x_wconf 91' lang='lat' dir='ltr'><strong>mortis</strong></span> <span class='ocrx_word' id='word_1_77' title='bbox 697 1693 818 1757; x_wconf 85' lang='lat' dir='ltr'><strong>metum,</strong></span> 
     </span>
     <span class='ocr_line' id='line_1_18' title="bbox 120 1770 835 1840; baseline 0 -8"><span class='ocrx_word' id='word_1_78' title='bbox 120 1770 239 1832; x_wconf 84' lang='lat' dir='ltr'><strong>Faciem</strong></span> <span class='ocrx_word' id='word_1_79' title='bbox 255 1770 291 1831; x_wconf 79' lang='lat' dir='ltr'><strong>acl</strong></span> <span class='ocrx_word' id='word_1_80' title='bbox 306 1788 441 1833; x_wconf 87' lang='lat' dir='ltr'><strong>serenam</strong></span> <span class='ocrx_word' id='word_1_81' title='bbox 457 1770 555 1832; x_wconf 88' lang='lat' dir='ltr'><strong>subito</strong></span> <span class='ocrx_word' id='word_1_82' title='bbox 569 1777 603 1830; x_wconf 94' lang='lat' dir='ltr'><strong>ut</strong></span> <span class='ocrx_word' id='word_1_83' title='bbox 618 1777 747 1831; x_wconf 91' lang='lat' dir='ltr'><strong>mutatur</strong></span> <span class='ocrx_word' id='word_1_84' title='bbox 762 1770 835 1840; x_wconf 86' lang='lat' dir='ltr'><strong>dies,</strong></span> 
     </span>
     <span class='ocr_line' id='line_1_19' title="bbox 120 1853 686 1934; baseline -0.004 -17"><span class='ocrx_word' id='word_1_85' title='bbox 120 1855 208 1917; x_wconf 81' lang='lat' dir='ltr'><strong>Ferri</strong></span> <span class='ocrx_word' id='word_1_86' title='bbox 224 1854 363 1917; x_wconf 87' lang='lat' dir='ltr'><strong>secundis</strong></span> <span class='ocrx_word' id='word_1_87' title='bbox 378 1863 438 1918; x_wconf 92' lang='lat' dir='ltr'><strong>tuta</strong></span> <span class='ocrx_word' id='word_1_88' title='bbox 454 1857 552 1934; x_wconf 87' lang='lat' dir='ltr'><strong>coepit</strong></span> <span class='ocrx_word' id='word_1_89' title='bbox 567 1853 686 1915; x_wconf 89' lang='lat' dir='ltr'><strong>llatihus</strong></span> 
     </span>
    </p>
   </div>
   <div class='ocr_carea' id='block_1_6' title="bbox 56 1938 861 2274">
    <p class='ocr_par' dir='ltr' id='par_1_8' title="bbox 119 1938 723 2020">
     <span class='ocr_line' id='line_1_20' title="bbox 119 1938 723 2020; baseline -0.005 -18"><span class='ocrx_word' id='word_1_90' title='bbox 119 1940 275 2020; x_wconf 84' lang='lat' dir='ltr'><strong>Nimiaque</strong></span> <span class='ocrx_word' id='word_1_91' title='bbox 291 1949 395 2001; x_wconf 90' lang='lat' dir='ltr'><strong>nautas</strong></span> <span class='ocrx_word' id='word_1_92' title='bbox 409 1940 558 2001; x_wconf 81' lang='lat' dir='ltr'><strong>hilaritate</strong></span> <span class='ocrx_word' id='word_1_93' title='bbox 573 1938 723 2000; x_wconf 80' lang='lat' dir='ltr'><strong>extollere.</strong></span> 
     </span>
    </p>

    <p class='ocr_par' dir='ltr' id='par_1_9' title="bbox 120 2023 776 2103">
     <span class='ocr_line' id='line_1_21' title="bbox 120 2023 776 2103; baseline -0.002 -17"><span class='ocrx_word' id='word_1_94' title='bbox 120 2025 228 2086; x_wconf 84' lang='lat' dir='ltr'><strong>Factus</strong></span> <span class='ocrx_word' id='word_1_95' title='bbox 242 2024 363 2103; x_wconf 89' lang='lat' dir='ltr'><strong>periclis</strong></span> <span class='ocrx_word' id='word_1_96' title='bbox 377 2032 440 2085; x_wconf 94' lang='lat' dir='ltr'><strong>tum</strong></span> <span class='ocrx_word' id='word_1_97' title='bbox 455 2023 637 2102; x_wconf 81' lang='lat' dir='ltr'><strong>gubernator</strong></span> <span class='ocrx_word' id='word_1_98' title='bbox 652 2023 776 2103; x_wconf 84' lang='lat' dir='ltr'><strong>sophus:</strong></span> 
     </span>
    </p>

    <p class='ocr_par' dir='ltr' id='par_1_10' title="bbox 56 2108 861 2274">
     <span class='ocr_line' id='line_1_22' title="bbox 56 2108 854 2189; baseline -0.003 -19"><span class='ocrx_word' id='word_1_99' title='bbox 56 2139 64 2154; x_wconf 91' lang='lat'><strong>·</strong></span> <span class='ocrx_word' id='word_1_100' title='bbox 120 2109 223 2170; x_wconf 80' lang='lat' dir='ltr'><strong>‘Parce</strong></span> <span class='ocrx_word' id='word_1_101' title='bbox 238 2108 369 2187; x_wconf 82' lang='lat' dir='ltr'><strong>gaudere</strong></span> <span class='ocrx_word' id='word_1_102' title='bbox 384 2116 502 2189; x_wconf 92' lang='lat' dir='ltr'><strong>oportet</strong></span> <span class='ocrx_word' id='word_1_103' title='bbox 516 2117 545 2170; x_wconf 90' lang='lat' dir='ltr'><strong>et</strong></span> <span class='ocrx_word' id='word_1_104' title='bbox 560 2109 670 2169; x_wconf 75' lang='lat' dir='ltr'><strong>sensIm</strong></span> <span class='ocrx_word' id='word_1_105' title='bbox 686 2110 796 2187; x_wconf 92' lang='lat' dir='ltr'><strong>queri.’</strong></span> <span class='ocrx_word' id='word_1_106' title='bbox 811 2141 854 2156; x_wconf 87' lang='lat'><em>-</em></span> 
     </span>
     <span class='ocr_line' id='line_1_23' title="bbox 119 2193 861 2274; baseline 0.001 -20"><span class='ocrx_word' id='word_1_107' title='bbox 119 2193 223 2254; x_wconf 86' lang='lat' dir='ltr'><strong>Totam</strong></span> <span class='ocrx_word' id='word_1_108' title='bbox 238 2211 331 2274; x_wconf 85' lang='lat' dir='ltr'><strong>aeque</strong></span> <span class='ocrx_word' id='word_1_109' title='bbox 346 2196 436 2255; x_wconf 90' lang='lat' dir='ltr'><strong>vitam</strong></span> <span class='ocrx_word' id='word_1_110' title='bbox 451 2195 555 2254; x_wconf 90' lang='lat' dir='ltr'><strong>miscet</strong></span> <span class='ocrx_word' id='word_1_111' title='bbox 570 2193 652 2254; x_wconf 92' lang='lat' dir='ltr'><strong>dolor</strong></span> <span class='ocrx_word' id='word_1_112' title='bbox 667 2200 697 2253; x_wconf 90' lang='lat' dir='ltr'><strong>et</strong></span> <span class='ocrx_word' id='word_1_113' title='bbox 711 2194 861 2272; x_wconf 78' lang='lat' dir='ltr'><strong>gaudium.</strong></span> 
     </span>
    </p>
   </div>
   <div class='ocr_carea' id='block_1_7' title="bbox 314 2345 878 2499">
    <p class='ocr_par' dir='ltr' id='par_1_11' title="bbox 314 2345 878 2499">
     <span class='ocr_line' id='line_1_24' title="bbox 436 2345 758 2408; baseline -0.006 -1"><span class='ocrx_word' id='word_1_114' title='bbox 436 2345 626 2408; x_wconf 82' lang='lat' dir='ltr'><strong>FABVLA</strong></span> <span class='ocrx_word' id='word_1_115' title='bbox 646 2345 758 2406; x_wconf 82' lang='lat' dir='ltr'>XVIII.</span> 
     </span>
     <span class='ocr_line' id='line_1_25' title="bbox 314 2443 878 2499; baseline 0.004 -2"><span class='ocrx_word' id='word_1_116' title='bbox 314 2445 464 2497; x_wconf 74' lang='lat' dir='ltr'>GANVM</span> <span class='ocrx_word' id='word_1_117' title='bbox 479 2443 639 2496; x_wconf 71' lang='lat' dir='ltr'><strong>Luem</strong></span> <span class='ocrx_word' id='word_1_118' title='bbox 655 2445 713 2494; x_wconf 87' lang='lat' dir='ltr'><strong>AD</strong></span> <span class='ocrx_word' id='word_1_119' title='bbox 729 2445 878 2499; x_wconf 74' lang='lat' dir='ltr'>IOVEM.</span> 
     </span>
    </p>
   </div>
   <div class='ocr_carea' id='block_1_8' title="bbox 118 2529 909 3538">
    <p class='ocr_par' dir='ltr' id='par_1_12' title="bbox 118 2529 909 3538">
     <span class='ocr_line' id='line_1_26' title="bbox 161 2529 764 2608; baseline -0.003 -15"><span class='ocrx_word' id='word_1_120' title='bbox 161 2530 255 2593; x_wconf 86' lang='lat' dir='ltr'><strong>Canes</strong></span> <span class='ocrx_word' id='word_1_121' title='bbox 270 2531 382 2608; x_wconf 81' lang='lat' dir='ltr'><strong>legatos</strong></span> <span class='ocrx_word' id='word_1_122' title='bbox 396 2530 466 2591; x_wconf 95' lang='lat' dir='ltr'><strong>ollm</strong></span> <span class='ocrx_word' id='word_1_123' title='bbox 481 2533 589 2592; x_wconf 87' lang='lat' dir='ltr'><strong>misere</strong></span> <span class='ocrx_word' id='word_1_124' title='bbox 605 2530 640 2591; x_wconf 92' lang='lat' dir='ltr'><strong>ad</strong></span> <span class='ocrx_word' id='word_1_125' title='bbox 656 2529 764 2600; x_wconf 86' lang='lat' dir='ltr'><strong>lovem,</strong></span> 
     </span>
     <span class='ocr_line' id='line_1_27' title="bbox 118 2614 698 2695; baseline -0.003 -19"><span class='ocrx_word' id='word_1_126' title='bbox 118 2614 251 2676; x_wconf 87' lang='lat' dir='ltr'><strong>Melioris</strong></span> <span class='ocrx_word' id='word_1_127' title='bbox 265 2617 342 2676; x_wconf 87' lang='lat' dir='ltr'><strong>ritae</strong></span> <span class='ocrx_word' id='word_1_128' title='bbox 358 2623 474 2695; x_wconf 93' lang='lat' dir='ltr'><strong>tempus</strong></span> <span class='ocrx_word' id='word_1_129' title='bbox 489 2622 603 2676; x_wconf 92' lang='lat' dir='ltr'><strong>oratum</strong></span> <span class='ocrx_word' id='word_1_130' title='bbox 618 2632 698 2684; x_wconf 89' lang='lat' dir='ltr'><strong>suae,</strong></span> 
     </span>
     <span class='ocr_line' id='line_1_28' title="bbox 118 2699 760 2779; baseline 0 -20"><span class='ocrx_word' id='word_1_131' title='bbox 118 2699 154 2763; x_wconf 87' lang='lat' dir='ltr'><strong>Vt</strong></span> <span class='ocrx_word' id='word_1_132' title='bbox 169 2718 234 2761; x_wconf 87' lang='lat' dir='ltr'><strong>sese</strong></span> <span class='ocrx_word' id='word_1_133' title='bbox 249 2701 380 2779; x_wconf 87' lang='lat' dir='ltr'><strong>eriperet</strong></span> <span class='ocrx_word' id='word_1_134' title='bbox 397 2700 548 2761; x_wconf 90' lang='lat' dir='ltr'><strong>homlnum</strong></span> <span class='ocrx_word' id='word_1_135' title='bbox 564 2699 760 2770; x_wconf 80' lang='lat' dir='ltr'><strong>contumeliIs,</strong></span> 
     </span>
     <span class='ocr_line' id='line_1_29' title="bbox 119 2783 909 2865; baseline 0.004 -19"><span class='ocrx_word' id='word_1_136' title='bbox 119 2783 298 2846; x_wconf 79' lang='lat' dir='ltr'><strong>Furfuribus</strong></span> <span class='ocrx_word' id='word_1_137' title='bbox 312 2783 369 2845; x_wconf 89' lang='lat' dir='ltr'><strong>sibi</strong></span> <span class='ocrx_word' id='word_1_138' title='bbox 385 2802 574 2864; x_wconf 87' lang='lat' dir='ltr'><strong>conspersum</strong></span> <span class='ocrx_word' id='word_1_139' title='bbox 590 2783 668 2865; x_wconf 90' lang='lat' dir='ltr'><strong>quod</strong></span> <span class='ocrx_word' id='word_1_140' title='bbox 682 2803 788 2863; x_wconf 88' lang='lat' dir='ltr'><strong>panem</strong></span> <span class='ocrx_word' id='word_1_141' title='bbox 804 2786 909 2849; x_wconf 87' lang='lat' dir='ltr'><strong>darent</strong></span> 
     </span>
     <span class='ocr_line' id='line_1_30' title="bbox 118 2869 796 2949; baseline 0 -18"><span class='ocrx_word' id='word_1_142' title='bbox 118 2871 260 2949; x_wconf 81' lang='lat' dir='ltr'><strong>FImoque</strong></span> <span class='ocrx_word' id='word_1_143' title='bbox 275 2871 356 2949; x_wconf 89' lang='lat' dir='ltr'><strong>turpi</strong></span> <span class='ocrx_word' id='word_1_144' title='bbox 371 2872 497 2931; x_wconf 86' lang='lat' dir='ltr'><strong>maxime</strong></span> <span class='ocrx_word' id='word_1_145' title='bbox 513 2869 665 2948; x_wconf 83' lang='lat' dir='ltr'><strong>explerent</strong></span> <span class='ocrx_word' id='word_1_146' title='bbox 679 2869 796 2931; x_wconf 88' lang='lat' dir='ltr'><strong>lamem.</strong></span> 
     </span>
     <span class='ocr_line' id='line_1_31' title="bbox 118 2953 715 3033; baseline -0.002 -18"><span class='ocrx_word' id='word_1_147' title='bbox 118 2954 248 3015; x_wconf 82' lang='lat' dir='ltr'><strong>Profecti</strong></span> <span class='ocrx_word' id='word_1_148' title='bbox 264 2960 332 3015; x_wconf 92' lang='lat' dir='ltr'><strong>sunt</strong></span> <span class='ocrx_word' id='word_1_149' title='bbox 347 2954 435 3032; x_wconf 80' lang='lat' dir='ltr'><strong>legati</strong></span> <span class='ocrx_word' id='word_1_150' title='bbox 452 2973 509 3016; x_wconf 94' lang='lat' dir='ltr'><strong>non</strong></span> <span class='ocrx_word' id='word_1_151' title='bbox 525 2954 615 3015; x_wconf 87' lang='lat' dir='ltr'><strong>celeri</strong></span> <span class='ocrx_word' id='word_1_152' title='bbox 631 2953 715 3033; x_wconf 83' lang='lat' dir='ltr'><strong>pede,</strong></span> 
     </span>
     <span class='ocr_line' id='line_1_32' title="bbox 118 3038 827 3101; baseline 0.003 -2"><span class='ocrx_word' id='word_1_153' title='bbox 118 3038 192 3099; x_wconf 87' lang='lat' dir='ltr'><strong>Dum</strong></span> <span class='ocrx_word' id='word_1_154' title='bbox 209 3038 331 3099; x_wconf 88' lang='lat' dir='ltr'><strong>naribus</strong></span> <span class='ocrx_word' id='word_1_155' title='bbox 344 3045 514 3100; x_wconf 87' lang='lat' dir='ltr'><strong>scrutantur</strong></span> <span class='ocrx_word' id='word_1_156' title='bbox 529 3057 625 3099; x_wconf 87' lang='lat' dir='ltr'><strong>oscam</strong></span> <span class='ocrx_word' id='word_1_157' title='bbox 641 3040 669 3099; x_wconf 90' lang='lat' dir='ltr'><strong>in</strong></span> <span class='ocrx_word' id='word_1_158' title='bbox 686 3046 827 3101; x_wconf 88' lang='lat' dir='ltr'><strong>stercore.</strong></span> 
     </span>
     <span class='ocr_line' id='line_1_33' title="bbox 120 3123 830 3203; baseline 0.006 -21"><span class='ocrx_word' id='word_1_159' title='bbox 120 3123 206 3183; x_wconf 87' lang='lat' dir='ltr'><strong>Citati</strong></span> <span class='ocrx_word' id='word_1_160' title='bbox 223 3141 279 3183; x_wconf 93' lang='lat' dir='ltr'><strong>non</strong></span> <span class='ocrx_word' id='word_1_161' title='bbox 295 3123 484 3203; x_wconf 89' lang='lat' dir='ltr'><strong>respondent.</strong></span> <span class='ocrx_word' id='word_1_162' title='bbox 515 3124 568 3183; x_wconf 83' lang='lat' dir='ltr'><strong>Vix</strong></span> <span class='ocrx_word' id='word_1_163' title='bbox 584 3123 700 3184; x_wconf 90' lang='lat' dir='ltr'><strong>tandem</strong></span> <span class='ocrx_word' id='word_1_164' title='bbox 716 3125 830 3186; x_wconf 81' lang='lat' dir='ltr'><strong>Invenit</strong></span> 
     </span>
     <span class='ocr_line' id='line_1_34' title="bbox 119 3203 699 3268; baseline 0.003 -3"><span class='ocrx_word' id='word_1_165' title='bbox 119 3203 176 3266; x_wconf 83' lang='lat' dir='ltr'><strong>Eos</strong></span> <span class='ocrx_word' id='word_1_166' title='bbox 191 3206 355 3267; x_wconf 89' lang='lat' dir='ltr'><strong>Mercurius</strong></span> <span class='ocrx_word' id='word_1_167' title='bbox 370 3215 400 3268; x_wconf 90' lang='lat' dir='ltr'><strong>et</strong></span> <span class='ocrx_word' id='word_1_168' title='bbox 414 3207 548 3268; x_wconf 90' lang='lat' dir='ltr'><strong>turbatos</strong></span> <span class='ocrx_word' id='word_1_169' title='bbox 562 3207 699 3268; x_wconf 87' lang='lat' dir='ltr'><strong>adtrahit.</strong></span> 
     </span>
     <span class='ocr_line' id='line_1_35' title="bbox 118 3288 817 3370; baseline 0.006 -21"><span class='ocrx_word' id='word_1_170' title='bbox 118 3288 193 3350; x_wconf 89' lang='lat' dir='ltr'><strong>Tum</strong></span> <span class='ocrx_word' id='word_1_171' title='bbox 209 3307 279 3351; x_wconf 88' lang='lat' dir='ltr'><strong>vcro</strong></span> <span class='ocrx_word' id='word_1_172' title='bbox 293 3291 402 3352; x_wconf 90' lang='lat' dir='ltr'><strong>vultum</strong></span> <span class='ocrx_word' id='word_1_173' title='bbox 420 3294 516 3370; x_wconf 80' lang='lat' dir='ltr'><strong>magni</strong></span> <span class='ocrx_word' id='word_1_174' title='bbox 533 3300 565 3352; x_wconf 94' lang='lat' dir='ltr'><strong>ut</strong></span> <span class='ocrx_word' id='word_1_175' title='bbox 580 3292 717 3353; x_wconf 89' lang='lat' dir='ltr'><strong>viderunt</strong></span> <span class='ocrx_word' id='word_1_176' title='bbox 730 3292 817 3363; x_wconf 88' lang='lat' dir='ltr'><strong>lovis,</strong></span> 
     </span>
     <span class='ocr_line' id='line_1_36' title="bbox 119 3371 729 3454; baseline 0.008 -22"><span class='ocrx_word' id='word_1_177' title='bbox 119 3371 222 3435; x_wconf 79' lang='lat' dir='ltr'><strong>&#39;l&#39;otam</strong></span> <span class='ocrx_word' id='word_1_178' title='bbox 238 3375 375 3436; x_wconf 84' lang='lat' dir='ltr'><strong>timentes</strong></span> <span class='ocrx_word' id='word_1_179' title='bbox 389 3384 586 3437; x_wconf 88' lang='lat' dir='ltr'><strong>concacarunt</strong></span> <span class='ocrx_word' id='word_1_180' title='bbox 601 3379 729 3454; x_wconf 79' lang='lat' dir='ltr'><strong>regiam3</strong></span> 
     </span>
     <span class='ocr_line' id='line_1_37' title="bbox 159 3457 747 3538; baseline 0.007 -20"><span class='ocrx_word' id='word_1_181' title='bbox 159 3457 296 3538; x_wconf 86' lang='lat' dir='ltr'><strong>Propulsi</strong></span> <span class='ocrx_word' id='word_1_182' title='bbox 311 3476 381 3519; x_wconf 88' lang='lat' dir='ltr'><strong>vcro</strong></span> <span class='ocrx_word' id='word_1_183' title='bbox 395 3459 523 3522; x_wconf 82' lang='lat' dir='ltr'><strong>fustibus</strong></span> <span class='ocrx_word' id='word_1_184' title='bbox 537 3460 645 3522; x_wconf 86' lang='lat' dir='ltr'><strong>radunt</strong></span> <span class='ocrx_word' id='word_1_185' title='bbox 659 3461 747 3522; x_wconf 82' lang='lat' dir='ltr'><strong>foras.</strong></span> 
     </span>
    </p>
   </div>
   <div class='ocr_carea' id='block_1_9' title="bbox 0 0 1224 3824">
    <p class='ocr_par' dir='ltr' id='par_1_13' title="bbox 0 0 1224 3824">
     <span class='ocr_line' id='line_1_38' title="bbox 0 0 1224 3824; baseline 0 0"><span class='ocrx_word' id='word_1_186' title='bbox 0 0 1224 3824; x_wconf 95' lang='lat' dir='ltr'><strong> </strong></span> 
     </span>
    </p>
   </div>
  </div>
 </body>
</html>
