2438 3824
172 175 216 239 34
450 180 613 236 PHAEDRI
632 179 856 236 FABVLARVM

173 329 330 410 Postquam
346 337 519 410 cousumpta
535 341 580 391 est
594 331 737 408 temporis
751 328 831 407 longi
846 346 941 398 mora,

173 414 235 476 Neo
250 416 418 475 testamenti
433 417 531 493 potuit
546 433 653 475 sensus
667 413 776 490 colligi,

173 499 276 559 Fidem
291 499 456 567 advocavit,
473 501 539 560 iure
554 498 703 577 neglecto,
720 516 838 578 parens

174 583 299 663 Seponit
312 584 452 644 moechae
467 591 593 653 vestem,
609 583 752 645 mundum
766 582 951 653 muliebrem,

173 667 362 729 Lavationem
377 675 562 746 argenteam,
579 668 744 737 eunuchos,
761 665 894 744 glabros:

173 752 321 815 Lanificae
336 752 459 830 agellos,
475 771 599 832 pecora,
615 751 729 821 villam,
745 753 907 830 operarios,

173 838 282 906 Boves,
299 840 429 898 iumenta
445 844 475 897 et
490 839 720 898 instrumentum
735 837 894 906 rusticum;

172 921 285 982 Potrici
300 923 415 1002 plenam
431 924 562 1002 antiquis
577 921 749 1001 apothecam
765 921 856 992 cadis

172 1006 297 1067 Domum
312 1006 433 1086 politam
448 1011 478 1066 et
492 1007 634 1067 delicatos
649 1005 791 1066 hortulos.

172 1090 222 1151 Sic
237 1091 382 1151 destinata
399 1091 469 1151 dare
485 1109 553 1152 cum
568 1091 656 1151 vellet
670 1090 795 1167 siugulis

171 1174 209 1235 Et
223 1175 402 1255 adprobaret
416 1174 555 1254 populus,
572 1178 623 1256 qui
638 1174 704 1235 illas
719 1181 849 1245 noverat,

172 1262 304 1339 Aesopus
319 1259 416 1320 media
431 1259 529 1320 subito
543 1262 576 1321 in
590 1257 678 1320 turba
694 1260 842 1321 constitit:

172 1343 196 1406 0
212 1346 237 1404 si
251 1352 386 1405 maneret
400 1343 519 1406 condito
534 1361 638 1405 sensus
652 1346 740 1423 patri,

171 1426 265 1499 Quam
279 1430 410 1506 graviter
424 1430 532 1497 ferret,
547 1428 625 1508 quod
641 1426 818 1489 voluntatem
834 1446 917 1489 suam

171 1512 366 1593 luterpretari
381 1531 439 1573 uon
458 1515 623 1591 potuissent
638 1512 742 1574 Atticil

170 1598 300 1676 Rogatus
315 1597 422 1658 deiude
437 1596 525 1657 solvit
539 1614 672 1658 errorem
687 1598 827 1656 omnium.

170 1681 294 1743 Domum
311 1690 341 1742 et
355 1689 528 1742 ornamenta
543 1699 609 1743 cum
626 1684 758 1741 venustis
772 1679 898 1740 hortulis

169 1766 207 1827 Et
221 1769 289 1827 vina
303 1775 403 1827 vetera
418 1766 484 1827 date
499 1766 634 1827 lanificae
649 1767 795 1835 rusticam

170 1851 303 1921 Vestem,
318 1853 459 1921 uniones,
475 1850 654 1932 pedisequos
668 1859 698 1911 et
712 1856 812 1910 cetera

170 1935 214 1996 llli
231 1935 397 2014 adsignate,
414 1937 503 1997 vitam
518 1955 592 2015 quae
609 1934 678 1997 luxu
692 1933 801 2003 trahit;

169 2022 277 2099 Agros,
294 2020 450 2100 villamque
465 2027 495 2080 ct
510 2038 618 2100 pecora
632 2037 699 2081 curn
714 2015 883 2098 pastoribus

169 2103 281 2166 Donate
297 2105 447 2165 moechae.
477 2103 562 2165 Nulla
577 2106 686 2184 poterit
700 2104 826 2183 perpeti,

169 2187 207 2249 Vt
221 2188 355 2250 moribus
369 2188 440 2269 quid
456 2196 558 2249 teneat
571 2189 699 2249 alienum
715 2189 787 2247 suis.

169 2273 317 2334 Deformis
331 2273 442 2334 cultum
457 2273 576 2344 vendet,
592 2278 626 2334 ut
641 2274 739 2332 vinum
755 2277 855 2350 paret;

169 2360 263 2435 Agros
278 2357 388 2419 abiciet
403 2357 541 2428 moecha,
556 2363 590 2418 ut
604 2363 739 2417 ornatum
754 2362 853 2434 gerat;

169 2442 270 2503 Atilia
285 2442 418 2521 gaudens
432 2459 540 2521 pecore
555 2449 586 2502 et
599 2441 683 2502 lanae
699 2439 798 2500 dedita

169 2524 358 2607 Quacumque
373 2545 487 2588 summa
501 2526 599 2587 tradet
612 2526 747 2587 luxuriae
763 2524 893 2586 domum.

169 2610 219 2671 Sic
233 2611 311 2672 nulla
327 2610 505 2691 possidebit,
521 2611 599 2690 quod
614 2611 709 2671 luerit
723 2609 834 2680 datum,

167 2694 205 2755 Et
220 2695 328 2756 dictam
345 2697 432 2755 matri
448 2695 602 2755 conferent
617 2696 774 2776 pecuniam

167 2780 210 2839 Ex
225 2782 323 2859 pretio
338 2797 455 2850 rerum,
471 2797 544 2858 quas
559 2779 747 2841 vendiderint
761 2778 904 2856 singulae.

210 2863 253 2924 lta
267 2863 345 3009 <prod
360 2863 521 2926 multorum
536 2865 613 2942 lugit
627 2863 858 2944 inprudentiam,

166 2946 260 3009 Vnius
295 2950 403 3009 ominis
417 2950 552 3028 repperit
566 2949 707 3010 sollertia.

517 3100 707 3161 FABVLA
728 3101 782 3161 VI.

278 3199 428 3252 PVGNA
444 3200 623 3251 mvmvm
639 3199 693 3250 ET
708 3197 1014 3251 mvsrmmvm.

210 3287 282 3348 Cum
298 3287 367 3346 victi
383 3303 484 3346 mures
498 3285 692 3347 mustelarum
706 3288 841 3347 exercltu

168 3368 309 3449 (Historia
323 3388 449 3448 quorum
465 3377 495 3431 et
509 3373 541 3432 iu
555 3369 690 3431 tabernis
704 3369 848 3452 pingitur)

165 3455 318 3550 lingerent
332 3461 363 3514 et
376 3463 456 3516 artos
471 3457 584 3516 circum
599 3455 786 3536 trepidarent
800 3473 897 3527 cavos,

85 3768 132 3796 A

216 3772 248 3796 Ιι.
