<?xml version="1.0" encoding="UTF-8"?>
<!DOCTYPE html PUBLIC "-//W3C//DTD XHTML 1.0 Transitional//EN"
    "http://www.w3.org/TR/xhtml1/DTD/xhtml1-transitional.dtd">
<html xmlns="http://www.w3.org/1999/xhtml" xml:lang="en" lang="en">
 <head>
  <title>
</title>
<meta http-equiv="Content-Type" content="text/html;charset=utf-8" />
  <meta name='ocr-system' content='tesseract 3.04.00' />
  <meta name='ocr-capabilities' content='ocr_page ocr_carea ocr_par ocr_line ocrx_word'/>
</head>
<body>
  <div class='ocr_page' id='page_1' title='image "./phaedriaugustil00schagoog_0034.png"; bbox 0 0 2438 3824; ppageno 0'>
   <div class='ocr_carea' id='block_1_1' title="bbox 410 185 677 244">
    <p class='ocr_par' dir='ltr' id='par_1_1' title="bbox 410 185 677 244">
     <span class='ocr_line' id='line_1_1' title="bbox 410 185 677 244; baseline -0.007 0"><span class='ocrx_word' id='word_1_1' title='bbox 410 191 412 197; x_wconf 82' lang='grc'><em>’</em></span> <span class='ocrx_word' id='word_1_2' title='bbox 514 187 623 244; x_wconf 80' lang='lat' dir='ltr'><strong>LIBER</strong></span> <span class='ocrx_word' id='word_1_3' title='bbox 641 185 677 242; x_wconf 87' lang='lat' dir='ltr'><strong>Il.</strong></span> 
     </span>
    </p>
   </div>
   <div class='ocr_carea' id='block_1_2' title="bbox 326 335 870 502">
    <p class='ocr_par' dir='ltr' id='par_1_2' title="bbox 326 335 870 502">
     <span class='ocr_line' id='line_1_2' title="bbox 461 335 728 401; baseline -0.015 0"><span class='ocrx_word' id='word_1_4' title='bbox 461 338 650 401; x_wconf 78' lang='lat' dir='ltr'><strong>FABVLA</strong></span> <span class='ocrx_word' id='word_1_5' title='bbox 672 335 728 397; x_wconf 84' lang='lat' dir='ltr'><strong>IV.</strong></span> 
     </span>
     <span class='ocr_line' id='line_1_3' title="bbox 326 433 870 502; baseline -0.007 -10"><span class='ocrx_word' id='word_1_6' title='bbox 326 439 505 502; x_wconf 73' lang='lat' dir='ltr'><strong>noma,</strong></span> <span class='ocrx_word' id='word_1_7' title='bbox 521 436 655 490; x_wconf 69' lang='lat' dir='ltr'><strong>rauna</strong></span> <span class='ocrx_word' id='word_1_8' title='bbox 671 436 727 487; x_wconf 74' lang='lat' dir='ltr'><strong>nr</strong></span> <span class='ocrx_word' id='word_1_9' title='bbox 744 433 870 488; x_wconf 56' lang='grc' dir='ltr'><strong>ΛΡΜ</strong></span> 
     </span>
    </p>
   </div>
   <div class='ocr_carea' id='block_1_3' title="bbox 118 523 941 2723">
    <p class='ocr_par' dir='ltr' id='par_1_3' title="bbox 118 523 875 927">
     <span class='ocr_line' id='line_1_4' title="bbox 160 523 836 607; baseline -0.009 -19"><span class='ocrx_word' id='word_1_10' title='bbox 160 525 266 607; x_wconf 77' lang='lat' dir='ltr'><strong>Aquila</strong></span> <span class='ocrx_word' id='word_1_11' title='bbox 280 527 312 588; x_wconf 90' lang='lat' dir='ltr'><strong>in</strong></span> <span class='ocrx_word' id='word_1_12' title='bbox 327 525 448 587; x_wconf 87' lang='lat' dir='ltr'>sublimi</span> <span class='ocrx_word' id='word_1_13' title='bbox 463 543 576 605; x_wconf 89' lang='lat' dir='ltr'><strong>quercu</strong></span> <span class='ocrx_word' id='word_1_14' title='bbox 592 523 694 585; x_wconf 90' lang='lat' dir='ltr'><strong>nidum</strong></span> <span class='ocrx_word' id='word_1_15' title='bbox 709 523 836 590; x_wconf 66' lang='lat' dir='ltr'><strong>feceram</strong></span> 
     </span>
     <span class='ocr_line' id='line_1_5' title="bbox 118 609 847 686; baseline -0.01 -14"><span class='ocrx_word' id='word_1_16' title='bbox 118 609 206 672; x_wconf 83' lang='lat' dir='ltr'><strong>Feles</strong></span> <span class='ocrx_word' id='word_1_17' title='bbox 220 629 374 672; x_wconf 82' lang='lat' dir='ltr'><strong>cavernam</strong></span> <span class='ocrx_word' id='word_1_18' title='bbox 389 619 495 671; x_wconf 92' lang='lat' dir='ltr'><strong>nancta</strong></span> <span class='ocrx_word' id='word_1_19' title='bbox 511 612 543 670; x_wconf 91' lang='lat' dir='ltr'><strong>in</strong></span> <span class='ocrx_word' id='word_1_20' title='bbox 558 609 655 669; x_wconf 86' lang='lat' dir='ltr'><strong>media</strong></span> <span class='ocrx_word' id='word_1_21' title='bbox 671 612 847 686; x_wconf 87' lang='lat' dir='ltr'><strong>pepererat;</strong></span> 
     </span>
     <span class='ocr_line' id='line_1_6' title="bbox 120 693 875 772; baseline -0.009 -15"><span class='ocrx_word' id='word_1_22' title='bbox 120 695 176 757; x_wconf 90' lang='lat' dir='ltr'><strong>Sus</strong></span> <span class='ocrx_word' id='word_1_23' title='bbox 191 697 322 758; x_wconf 89' lang='lat' dir='ltr'><strong>nemoris</strong></span> <span class='ocrx_word' id='word_1_24' title='bbox 337 696 445 756; x_wconf 83' lang='lat' dir='ltr'><strong>cultrix</strong></span> <span class='ocrx_word' id='word_1_25' title='bbox 460 696 553 756; x_wconf 90' lang='lat' dir='ltr'><strong>letum</strong></span> <span class='ocrx_word' id='word_1_26' title='bbox 569 693 604 755; x_wconf 86' lang='lat' dir='ltr'><strong>ud</strong></span> <span class='ocrx_word' id='word_1_27' title='bbox 620 694 709 754; x_wconf 91' lang='lat' dir='ltr'><strong>imam</strong></span> <span class='ocrx_word' id='word_1_28' title='bbox 723 695 875 772; x_wconf 88' lang='lat' dir='ltr'><strong>posuerat.</strong></span> 
     </span>
     <span class='ocr_line' id='line_1_7' title="bbox 119 777 697 843; baseline -0.005 -3"><span class='ocrx_word' id='word_1_29' title='bbox 119 780 195 841; x_wconf 81' lang='lat' dir='ltr'><strong>&#39;l&#39;um</strong></span> <span class='ocrx_word' id='word_1_30' title='bbox 210 781 364 843; x_wconf 89' lang='lat' dir='ltr'><strong>lortuitum</strong></span> <span class='ocrx_word' id='word_1_31' title='bbox 379 781 453 841; x_wconf 89' lang='lat' dir='ltr'><strong>leles</strong></span> <span class='ocrx_word' id='word_1_32' title='bbox 467 777 697 841; x_wconf 87' lang='lat' dir='ltr'><strong>contubernium</strong></span> 
     </span>
     <span class='ocr_line' id='line_1_8' title="bbox 118 862 738 927; baseline -0.008 0"><span class='ocrx_word' id='word_1_33' title='bbox 118 864 235 927; x_wconf 82' lang='lat' dir='ltr'>Fraude</span> <span class='ocrx_word' id='word_1_34' title='bbox 251 873 281 926; x_wconf 88' lang='lat' dir='ltr'><strong>et</strong></span> <span class='ocrx_word' id='word_1_35' title='bbox 295 864 420 926; x_wconf 88' lang='lat' dir='ltr'><strong>scelesta</strong></span> <span class='ocrx_word' id='word_1_36' title='bbox 436 867 480 927; x_wconf 91' lang='lat' dir='ltr'><strong>sic</strong></span> <span class='ocrx_word' id='word_1_37' title='bbox 495 865 602 925; x_wconf 88' lang='lat' dir='ltr'><strong>evertit</strong></span> <span class='ocrx_word' id='word_1_38' title='bbox 616 862 738 923; x_wconf 83' lang='lat' dir='ltr'><strong>malitia.</strong></span> 
     </span>
    </p>

    <p class='ocr_par' dir='ltr' id='par_1_4' title="bbox 118 947 832 1116">
     <span class='ocr_line' id='line_1_9' title="bbox 118 947 832 1016; baseline -0.007 -6"><span class='ocrx_word' id='word_1_39' title='bbox 118 949 161 1010; x_wconf 81' lang='lat' dir='ltr'><strong>ld</strong></span> <span class='ocrx_word' id='word_1_40' title='bbox 177 950 280 1012; x_wconf 93' lang='lat' dir='ltr'><strong>nidum</strong></span> <span class='ocrx_word' id='word_1_41' title='bbox 295 951 411 1012; x_wconf 83' lang='lat' dir='ltr'><strong>scandit</strong></span> <span class='ocrx_word' id='word_1_42' title='bbox 426 950 569 1010; x_wconf 89' lang='lat' dir='ltr'><strong>volucris:</strong></span> <span class='ocrx_word' id='word_1_43' title='bbox 598 947 765 1016; x_wconf 82' lang='lat' dir='ltr'><strong>Pernicies,</strong></span> <span class='ocrx_word' id='word_1_44' title='bbox 782 947 832 1015; x_wconf 93' lang='lat' dir='ltr'><strong>ait,</strong></span> 
     </span>
     <span class='ocr_line' id='line_1_10' title="bbox 118 1032 747 1116; baseline -0.006 -21"><span class='ocrx_word' id='word_1_45' title='bbox 118 1033 187 1095; x_wconf 88' lang='lat' dir='ltr'><strong>&#39;libi</strong></span> <span class='ocrx_word' id='word_1_46' title='bbox 202 1044 338 1116; x_wconf 86' lang='lat' dir='ltr'><strong>paratur,</strong></span> <span class='ocrx_word' id='word_1_47' title='bbox 355 1036 455 1096; x_wconf 88' lang='lat' dir='ltr'><strong>lorsan</strong></span> <span class='ocrx_word' id='word_1_48' title='bbox 470 1042 500 1096; x_wconf 93' lang='lat' dir='ltr'><strong>et</strong></span> <span class='ocrx_word' id='word_1_49' title='bbox 514 1037 642 1095; x_wconf 82' lang='lat' dir='ltr'><strong>miserae</strong></span> <span class='ocrx_word' id='word_1_50' title='bbox 657 1032 747 1102; x_wconf 90' lang='lat' dir='ltr'><strong>mihi;</strong></span> 
     </span>
    </p>

    <p class='ocr_par' dir='ltr' id='par_1_5' title="bbox 118 1117 750 1198">
     <span class='ocr_line' id='line_1_11' title="bbox 118 1117 750 1198; baseline -0.006 -18"><span class='ocrx_word' id='word_1_51' title='bbox 118 1118 192 1180; x_wconf 90' lang='lat' dir='ltr'><strong>Nam</strong></span> <span class='ocrx_word' id='word_1_52' title='bbox 207 1120 310 1180; x_wconf 88' lang='lat' dir='ltr'><strong>lodere</strong></span> <span class='ocrx_word' id='word_1_53' title='bbox 325 1129 435 1181; x_wconf 87' lang='lat' dir='ltr'><strong>terram</strong></span> <span class='ocrx_word' id='word_1_54' title='bbox 451 1119 528 1198; x_wconf 89' lang='lat' dir='ltr'><strong>quod</strong></span> <span class='ocrx_word' id='word_1_55' title='bbox 544 1119 626 1179; x_wconf 86' lang='lat' dir='ltr'><strong>rides</strong></span> <span class='ocrx_word' id='word_1_56' title='bbox 641 1117 750 1178; x_wconf 85' lang='lat' dir='ltr'><strong>cotidie</strong></span> 
     </span>
    </p>

    <p class='ocr_par' dir='ltr' id='par_1_6' title="bbox 119 1202 833 1284">
     <span class='ocr_line' id='line_1_12' title="bbox 119 1202 833 1284; baseline -0.007 -19"><span class='ocrx_word' id='word_1_57' title='bbox 119 1205 231 1283; x_wconf 78' lang='lat' dir='ltr'><strong>Aprum</strong></span> <span class='ocrx_word' id='word_1_58' title='bbox 247 1205 437 1274; x_wconf 91' lang='lat' dir='ltr'><strong>insidiosum,</strong></span> <span class='ocrx_word' id='word_1_59' title='bbox 454 1221 596 1284; x_wconf 90' lang='lat' dir='ltr'><strong>quercum</strong></span> <span class='ocrx_word' id='word_1_60' title='bbox 613 1202 673 1262; x_wconf 90' lang='lat' dir='ltr'><strong>vult</strong></span> <span class='ocrx_word' id='word_1_61' title='bbox 688 1207 833 1268; x_wconf 84' lang='lat' dir='ltr'><strong>evertere,</strong></span> 
     </span>
    </p>

    <p class='ocr_par' dir='ltr' id='par_1_7' title="bbox 119 1285 914 1454">
     <span class='ocr_line' id='line_1_13' title="bbox 119 1285 914 1369; baseline -0.003 -23"><span class='ocrx_word' id='word_1_62' title='bbox 119 1287 155 1349; x_wconf 93' lang='lat' dir='ltr'><strong>Vt</strong></span> <span class='ocrx_word' id='word_1_63' title='bbox 169 1297 300 1350; x_wconf 90' lang='lat' dir='ltr'><strong>nostram</strong></span> <span class='ocrx_word' id='word_1_64' title='bbox 315 1292 346 1350; x_wconf 93' lang='lat' dir='ltr'><strong>in</strong></span> <span class='ocrx_word' id='word_1_65' title='bbox 362 1289 451 1369; x_wconf 90' lang='lat' dir='ltr'><strong>plano</strong></span> <span class='ocrx_word' id='word_1_66' title='bbox 465 1288 553 1350; x_wconf 88' lang='lat' dir='ltr'><strong>lacile</strong></span> <span class='ocrx_word' id='word_1_67' title='bbox 569 1289 742 1367; x_wconf 90' lang='lat' dir='ltr'><strong>progeniem</strong></span> <span class='ocrx_word' id='word_1_68' title='bbox 757 1285 914 1365; x_wconf 90' lang='lat' dir='ltr'><strong>opprimat.</strong></span> 
     </span>
     <span class='ocr_line' id='line_1_14' title="bbox 119 1370 752 1454; baseline 0 -22"><span class='ocrx_word' id='word_1_69' title='bbox 119 1372 248 1433; x_wconf 85' lang='lat' dir='ltr'><strong>Terrore</strong></span> <span class='ocrx_word' id='word_1_70' title='bbox 263 1375 356 1434; x_wconf 90' lang='lat' dir='ltr'><strong>olluso</strong></span> <span class='ocrx_word' id='word_1_71' title='bbox 372 1382 401 1435; x_wconf 89' lang='lat' dir='ltr'><strong>et</strong></span> <span class='ocrx_word' id='word_1_72' title='bbox 415 1372 600 1454; x_wconf 88' lang='lat' dir='ltr'><strong>perturbatis</strong></span> <span class='ocrx_word' id='word_1_73' title='bbox 614 1370 752 1432; x_wconf 86' lang='lat' dir='ltr'><strong>sensibus</strong></span> 
     </span>
    </p>

    <p class='ocr_par' dir='ltr' id='par_1_8' title="bbox 120 1457 631 1537">
     <span class='ocr_line' id='line_1_15' title="bbox 120 1457 631 1537; baseline 0.002 -19"><span class='ocrx_word' id='word_1_74' title='bbox 120 1457 243 1537; x_wconf 84' lang='lat' dir='ltr'><strong>Derepit</strong></span> <span class='ocrx_word' id='word_1_75' title='bbox 257 1458 292 1518; x_wconf 94' lang='lat' dir='ltr'><strong>ad</strong></span> <span class='ocrx_word' id='word_1_76' title='bbox 309 1457 406 1519; x_wconf 90' lang='lat' dir='ltr'><strong>cubile</strong></span> <span class='ocrx_word' id='word_1_77' title='bbox 422 1467 536 1520; x_wconf 89' lang='lat' dir='ltr'><strong>setosae</strong></span> <span class='ocrx_word' id='word_1_78' title='bbox 552 1459 631 1519; x_wconf 90' lang='lat' dir='ltr'><strong>suis:</strong></span> 
     </span>
    </p>

    <p class='ocr_par' dir='ltr' id='par_1_9' title="bbox 120 1541 777 1623">
     <span class='ocr_line' id='line_1_16' title="bbox 120 1541 777 1623; baseline -0.003 -21"><span class='ocrx_word' id='word_1_79' title='bbox 120 1541 240 1619; x_wconf 86' lang='lat' dir='ltr'><strong>llagno,</strong></span> <span class='ocrx_word' id='word_1_80' title='bbox 256 1544 367 1623; x_wconf 92' lang='lat' dir='ltr'><strong>inquit,</strong></span> <span class='ocrx_word' id='word_1_81' title='bbox 384 1545 414 1604; x_wconf 94' lang='lat' dir='ltr'><strong>in</strong></span> <span class='ocrx_word' id='word_1_82' title='bbox 430 1543 543 1623; x_wconf 90' lang='lat' dir='ltr'><strong>periclo</strong></span> <span class='ocrx_word' id='word_1_83' title='bbox 558 1551 626 1603; x_wconf 90' lang='lat' dir='ltr'><strong>sunt</strong></span> <span class='ocrx_word' id='word_1_84' title='bbox 641 1543 702 1602; x_wconf 89' lang='lat' dir='ltr'><strong>nati</strong></span> <span class='ocrx_word' id='word_1_85' title='bbox 716 1541 777 1610; x_wconf 88' lang='lat' dir='ltr'><strong>tul;</strong></span> 
     </span>
    </p>

    <p class='ocr_par' dir='ltr' id='par_1_10' title="bbox 120 1625 889 1792">
     <span class='ocr_line' id='line_1_17' title="bbox 120 1625 889 1707; baseline -0.003 -21"><span class='ocrx_word' id='word_1_86' title='bbox 120 1625 210 1695; x_wconf 87' lang='lat' dir='ltr'><strong>Nam,</strong></span> <span class='ocrx_word' id='word_1_87' title='bbox 227 1628 316 1688; x_wconf 92' lang='lat' dir='ltr'><strong>simul</strong></span> <span class='ocrx_word' id='word_1_88' title='bbox 331 1629 441 1688; x_wconf 81' lang='lat' dir='ltr'><strong>exieris</strong></span> <span class='ocrx_word' id='word_1_89' title='bbox 456 1635 572 1707; x_wconf 89' lang='lat' dir='ltr'><strong>pastum</strong></span> <span class='ocrx_word' id='word_1_90' title='bbox 588 1644 655 1687; x_wconf 92' lang='lat' dir='ltr'><strong>cum</strong></span> <span class='ocrx_word' id='word_1_91' title='bbox 669 1633 774 1686; x_wconf 87' lang='lat' dir='ltr'><strong>tenero</strong></span> <span class='ocrx_word' id='word_1_92' title='bbox 789 1641 889 1702; x_wconf 81' lang='lat' dir='ltr'><strong>grege,</strong></span> 
     </span>
     <span class='ocr_line' id='line_1_18' title="bbox 120 1709 762 1792; baseline -0.002 -22"><span class='ocrx_word' id='word_1_93' title='bbox 120 1711 224 1790; x_wconf 79' lang='lat' dir='ltr'><strong>Aquila</strong></span> <span class='ocrx_word' id='word_1_94' title='bbox 239 1720 284 1772; x_wconf 87' lang='lat' dir='ltr'><strong>cst</strong></span> <span class='ocrx_word' id='word_1_95' title='bbox 297 1720 398 1791; x_wconf 90' lang='lat' dir='ltr'><strong>parata</strong></span> <span class='ocrx_word' id='word_1_96' title='bbox 415 1730 521 1792; x_wconf 89' lang='lat' dir='ltr'><strong>rapere</strong></span> <span class='ocrx_word' id='word_1_97' title='bbox 537 1711 681 1792; x_wconf 85' lang='lat' dir='ltr'><strong>porcellos</strong></span> <span class='ocrx_word' id='word_1_98' title='bbox 696 1709 762 1770; x_wconf 88' lang='lat' dir='ltr'><strong>tibi.</strong></span> 
     </span>
    </p>

    <p class='ocr_par' dir='ltr' id='par_1_11' title="bbox 119 1793 915 1943">
     <span class='ocr_line' id='line_1_19' title="bbox 120 1793 915 1878; baseline -0.001 -23"><span class='ocrx_word' id='word_1_99' title='bbox 120 1793 205 1855; x_wconf 90' lang='lat' dir='ltr'><strong>Hunc</strong></span> <span class='ocrx_word' id='word_1_100' title='bbox 220 1815 336 1876; x_wconf 89' lang='lat' dir='ltr'><strong>quoque</strong></span> <span class='ocrx_word' id='word_1_101' title='bbox 352 1800 458 1858; x_wconf 88' lang='lat' dir='ltr'><strong>timore</strong></span> <span class='ocrx_word' id='word_1_102' title='bbox 474 1805 630 1878; x_wconf 86' lang='lat' dir='ltr'><strong>postquam</strong></span> <span class='ocrx_word' id='word_1_103' title='bbox 644 1795 792 1875; x_wconf 86' lang='lat' dir='ltr'><strong>conplevit</strong></span> <span class='ocrx_word' id='word_1_104' title='bbox 808 1793 915 1865; x_wconf 91' lang='lat' dir='ltr'><strong>locum,</strong></span> 
     </span>
     <span class='ocr_line' id='line_1_20' title="bbox 119 1879 630 1943; baseline 0.006 -4"><span class='ocrx_word' id='word_1_105' title='bbox 119 1879 225 1941; x_wconf 85' lang='lat' dir='ltr'><strong>llolosa</strong></span> <span class='ocrx_word' id='word_1_106' title='bbox 241 1889 305 1942; x_wconf 91' lang='lat' dir='ltr'><strong>tuto</strong></span> <span class='ocrx_word' id='word_1_107' title='bbox 320 1882 454 1943; x_wconf 88' lang='lat' dir='ltr'><strong>condidit</strong></span> <span class='ocrx_word' id='word_1_108' title='bbox 468 1901 534 1943; x_wconf 91' lang='lat' dir='ltr'><strong>sese</strong></span> <span class='ocrx_word' id='word_1_109' title='bbox 550 1900 630 1942; x_wconf 89' lang='lat' dir='ltr'><strong>cavo.</strong></span> 
     </span>
    </p>

    <p class='ocr_par' dir='ltr' id='par_1_12' title="bbox 119 1963 686 2047">
     <span class='ocr_line' id='line_1_21' title="bbox 119 1963 686 2047; baseline 0.004 -24"><span class='ocrx_word' id='word_1_110' title='bbox 119 1963 190 2024; x_wconf 87' lang='lat' dir='ltr'><strong>lnde</strong></span> <span class='ocrx_word' id='word_1_111' title='bbox 206 1973 324 2044; x_wconf 85' lang='lat' dir='ltr'><strong>evagata</strong></span> <span class='ocrx_word' id='word_1_112' title='bbox 339 1974 428 2028; x_wconf 90' lang='lat' dir='ltr'><strong>noctu</strong></span> <span class='ocrx_word' id='word_1_113' title='bbox 443 1984 587 2047; x_wconf 87' lang='lat' dir='ltr'><strong>suspenso</strong></span> <span class='ocrx_word' id='word_1_114' title='bbox 602 1965 686 2047; x_wconf 88' lang='lat' dir='ltr'><strong>pede,</strong></span> 
     </span>
    </p>

    <p class='ocr_par' dir='ltr' id='par_1_13' title="bbox 119 2047 724 2131">
     <span class='ocr_line' id='line_1_22' title="bbox 119 2047 724 2131; baseline 0.008 -25"><span class='ocrx_word' id='word_1_115' title='bbox 119 2047 174 2108; x_wconf 93' lang='lat' dir='ltr'><strong>Vbi</strong></span> <span class='ocrx_word' id='word_1_116' title='bbox 190 2067 257 2110; x_wconf 87' lang='lat' dir='ltr'><strong>esca</strong></span> <span class='ocrx_word' id='word_1_117' title='bbox 272 2069 304 2110; x_wconf 87' lang='lat' dir='ltr'><strong>se</strong></span> <span class='ocrx_word' id='word_1_118' title='bbox 319 2051 445 2130; x_wconf 90' lang='lat' dir='ltr'><strong>replevit</strong></span> <span class='ocrx_word' id='word_1_119' title='bbox 459 2060 488 2112; x_wconf 91' lang='lat' dir='ltr'><strong>et</strong></span> <span class='ocrx_word' id='word_1_120' title='bbox 503 2050 616 2131; x_wconf 92' lang='lat' dir='ltr'><strong>prolem</strong></span> <span class='ocrx_word' id='word_1_121' title='bbox 631 2068 724 2121; x_wconf 90' lang='lat' dir='ltr'><strong>suam,</strong></span> 
     </span>
    </p>

    <p class='ocr_par' dir='ltr' id='par_1_14' title="bbox 118 2133 725 2216">
     <span class='ocr_line' id='line_1_23' title="bbox 118 2133 725 2216; baseline 0.002 -22"><span class='ocrx_word' id='word_1_122' title='bbox 118 2133 259 2195; x_wconf 84' lang='lat' dir='ltr'><strong>Pavorem</strong></span> <span class='ocrx_word' id='word_1_123' title='bbox 275 2135 416 2196; x_wconf 89' lang='lat' dir='ltr'><strong>simulans</strong></span> <span class='ocrx_word' id='word_1_124' title='bbox 429 2137 575 2216; x_wconf 85' lang='lat' dir='ltr'><strong>prospicit</strong></span> <span class='ocrx_word' id='word_1_125' title='bbox 589 2143 651 2196; x_wconf 91' lang='lat' dir='ltr'><strong>toto</strong></span> <span class='ocrx_word' id='word_1_126' title='bbox 666 2135 725 2196; x_wconf 92' lang='lat' dir='ltr'><strong>die.</strong></span> 
     </span>
    </p>

    <p class='ocr_par' dir='ltr' id='par_1_15' title="bbox 119 2216 763 2301">
     <span class='ocr_line' id='line_1_24' title="bbox 119 2216 763 2301; baseline 0.005 -24"><span class='ocrx_word' id='word_1_127' title='bbox 119 2216 244 2279; x_wconf 88' lang='lat' dir='ltr'><strong>Ruinam</strong></span> <span class='ocrx_word' id='word_1_128' title='bbox 259 2227 396 2281; x_wconf 87' lang='lat' dir='ltr'><strong>metuens</strong></span> <span class='ocrx_word' id='word_1_129' title='bbox 410 2221 509 2301; x_wconf 88' lang='lat' dir='ltr'><strong>aquila</strong></span> <span class='ocrx_word' id='word_1_130' title='bbox 526 2223 617 2281; x_wconf 88' lang='lat' dir='ltr'><strong>ramis</strong></span> <span class='ocrx_word' id='word_1_131' title='bbox 632 2220 763 2290; x_wconf 79' lang='lat' dir='ltr'><strong>dosidet3</strong></span> 
     </span>
    </p>

    <p class='ocr_par' dir='ltr' id='par_1_16' title="bbox 119 2304 749 2385">
     <span class='ocr_line' id='line_1_25' title="bbox 119 2304 749 2385; baseline 0.005 -24"><span class='ocrx_word' id='word_1_132' title='bbox 119 2304 198 2382; x_wconf 80' lang='lat' dir='ltr'><strong>Aper</strong></span> <span class='ocrx_word' id='word_1_133' title='bbox 212 2305 346 2384; x_wconf 90' lang='lat' dir='ltr'><strong>rapinam</strong></span> <span class='ocrx_word' id='word_1_134' title='bbox 361 2307 457 2366; x_wconf 85' lang='lat' dir='ltr'><strong>vitans</strong></span> <span class='ocrx_word' id='word_1_135' title='bbox 472 2324 531 2366; x_wconf 92' lang='lat' dir='ltr'><strong>non</strong></span> <span class='ocrx_word' id='word_1_136' title='bbox 546 2305 645 2385; x_wconf 88' lang='lat' dir='ltr'><strong>prodit</strong></span> <span class='ocrx_word' id='word_1_137' title='bbox 659 2306 749 2366; x_wconf 87' lang='lat' dir='ltr'><strong>loras.</strong></span> 
     </span>
    </p>

    <p class='ocr_par' dir='ltr' id='par_1_17' title="bbox 119 2383 869 2554">
     <span class='ocr_line' id='line_1_26' title="bbox 119 2383 869 2469; baseline 0.007 -23"><span class='ocrx_word' id='word_1_138' title='bbox 119 2383 194 2456; x_wconf 84' lang='lat' dir='ltr'><strong>Quid</strong></span> <span class='ocrx_word' id='word_1_139' title='bbox 211 2388 319 2449; x_wconf 75' lang='lat' dir='ltr'><strong>multa?</strong></span> <span class='ocrx_word' id='word_1_140' title='bbox 344 2389 446 2451; x_wconf 90' lang='lat' dir='ltr'><strong>lnedia</strong></span> <span class='ocrx_word' id='word_1_141' title='bbox 460 2397 529 2451; x_wconf 91' lang='lat' dir='ltr'><strong>sunt</strong></span> <span class='ocrx_word' id='word_1_142' title='bbox 543 2391 710 2469; x_wconf 91' lang='lat' dir='ltr'><strong>consumpti</strong></span> <span class='ocrx_word' id='word_1_143' title='bbox 726 2407 793 2450; x_wconf 89' lang='lat' dir='ltr'><strong>cum</strong></span> <span class='ocrx_word' id='word_1_144' title='bbox 807 2391 869 2451; x_wconf 88' lang='lat' dir='ltr'><strong>suis</strong></span> 
     </span>
     <span class='ocr_line' id='line_1_27' title="bbox 119 2468 852 2554; baseline 0.006 -24"><span class='ocrx_word' id='word_1_145' title='bbox 119 2468 258 2551; x_wconf 85' lang='lat' dir='ltr'><strong>Felisque</strong></span> <span class='ocrx_word' id='word_1_146' title='bbox 273 2474 378 2534; x_wconf 92' lang='lat' dir='ltr'><strong>catulis</strong></span> <span class='ocrx_word' id='word_1_147' title='bbox 393 2475 504 2552; x_wconf 82' lang='lat' dir='ltr'><strong>largam</strong></span> <span class='ocrx_word' id='word_1_148' title='bbox 519 2474 722 2554; x_wconf 90' lang='lat' dir='ltr'><strong>praebuerunt</strong></span> <span class='ocrx_word' id='word_1_149' title='bbox 736 2474 852 2553; x_wconf 87' lang='lat' dir='ltr'><strong>dapem.</strong></span> 
     </span>
    </p>

    <p class='ocr_par' dir='ltr' id='par_1_18' title="bbox 119 2554 941 2723">
     <span class='ocr_line' id='line_1_28' title="bbox 161 2554 941 2638; baseline 0.005 -23"><span class='ocrx_word' id='word_1_150' title='bbox 161 2554 308 2627; x_wconf 84' lang='lat' dir='ltr'><strong>Quantum</strong></span> <span class='ocrx_word' id='word_1_151' title='bbox 324 2558 410 2619; x_wconf 93' lang='lat' dir='ltr'><strong>bomo</strong></span> <span class='ocrx_word' id='word_1_152' title='bbox 426 2558 570 2637; x_wconf 87' lang='lat' dir='ltr'><strong>bilinguis</strong></span> <span class='ocrx_word' id='word_1_153' title='bbox 584 2577 672 2638; x_wconf 86' lang='lat' dir='ltr'><strong>saepe</strong></span> <span class='ocrx_word' id='word_1_154' title='bbox 688 2561 846 2619; x_wconf 89' lang='lat' dir='ltr'><strong>concinnet</strong></span> <span class='ocrx_word' id='word_1_155' title='bbox 861 2559 941 2629; x_wconf 86' lang='lat' dir='ltr'><strong>moli,</strong></span> 
     </span>
     <span class='ocr_line' id='line_1_29' title="bbox 119 2640 857 2723; baseline 0.003 -23"><span class='ocrx_word' id='word_1_156' title='bbox 119 2640 332 2704; x_wconf 84' lang='lat' dir='ltr'><strong>Documentum</strong></span> <span class='ocrx_word' id='word_1_157' title='bbox 347 2643 458 2705; x_wconf 92' lang='lat' dir='ltr'><strong>habere</strong></span> <span class='ocrx_word' id='word_1_158' title='bbox 473 2644 562 2705; x_wconf 90' lang='lat' dir='ltr'><strong>stulta</strong></span> <span class='ocrx_word' id='word_1_159' title='bbox 577 2644 737 2705; x_wconf 89' lang='lat' dir='ltr'><strong>credulitas</strong></span> <span class='ocrx_word' id='word_1_160' title='bbox 751 2650 857 2723; x_wconf 88' lang='lat' dir='ltr'><strong>potest.</strong></span> 
     </span>
    </p>
   </div>
   <div class='ocr_carea' id='block_1_4' title="bbox 264 2780 933 2946">
    <p class='ocr_par' dir='ltr' id='par_1_19' title="bbox 264 2780 933 2946">
     <span class='ocr_line' id='line_1_30' title="bbox 475 2780 724 2841; baseline -0.004 0"><span class='ocrx_word' id='word_1_161' title='bbox 475 2780 666 2841; x_wconf 80' lang='lat' dir='ltr'><strong>FABVLA</strong></span> <span class='ocrx_word' id='word_1_162' title='bbox 686 2780 724 2840; x_wconf 87' lang='lat' dir='ltr'><strong>V.</strong></span> 
     </span>
     <span class='ocr_line' id='line_1_31' title="bbox 264 2873 933 2946; baseline 0.004 -17"><span class='ocrx_word' id='word_1_163' title='bbox 264 2873 397 2946; x_wconf 73' lang='lat' dir='ltr'><strong>[mnu]</strong></span> <span class='ocrx_word' id='word_1_164' title='bbox 417 2878 582 2931; x_wconf 71' lang='lat' dir='ltr'><strong>causare</strong></span> <span class='ocrx_word' id='word_1_165' title='bbox 598 2879 657 2930; x_wconf 74' lang='lat' dir='ltr'><strong>un</strong></span> <span class='ocrx_word' id='word_1_166' title='bbox 674 2875 933 2932; x_wconf 67' lang='lat' dir='ltr'><strong>summissum.</strong></span> 
     </span>
    </p>
   </div>
   <div class='ocr_carea' id='block_1_5' title="bbox 118 2963 853 3466">
    <p class='ocr_par' dir='ltr' id='par_1_20' title="bbox 118 2963 801 3280">
     <span class='ocr_line' id='line_1_32' title="bbox 159 2963 801 3044; baseline 0.002 -20"><span class='ocrx_word' id='word_1_167' title='bbox 159 2963 212 3024; x_wconf 84' lang='lat' dir='ltr'><strong>Est</strong></span> <span class='ocrx_word' id='word_1_168' title='bbox 226 2964 411 3025; x_wconf 85' lang='lat' dir='ltr'><strong>ardelionum</strong></span> <span class='ocrx_word' id='word_1_169' title='bbox 426 2965 569 3044; x_wconf 90' lang='lat' dir='ltr'><strong>quaedam</strong></span> <span class='ocrx_word' id='word_1_170' title='bbox 584 2965 694 3026; x_wconf 85' lang='lat' dir='ltr'><strong>Romae</strong></span> <span class='ocrx_word' id='word_1_171' title='bbox 711 2967 801 3034; x_wconf 89' lang='lat' dir='ltr'><strong>natio,</strong></span> 
     </span>
     <span class='ocr_line' id='line_1_33' title="bbox 118 3047 744 3129; baseline 0.003 -22"><span class='ocrx_word' id='word_1_172' title='bbox 118 3047 248 3126; x_wconf 87' lang='lat' dir='ltr'><strong>Trepide</strong></span> <span class='ocrx_word' id='word_1_173' title='bbox 263 3067 456 3119; x_wconf 88' lang='lat' dir='ltr'><strong>concursans,</strong></span> <span class='ocrx_word' id='word_1_174' title='bbox 472 3057 613 3129; x_wconf 89' lang='lat' dir='ltr'><strong>occupata</strong></span> <span class='ocrx_word' id='word_1_175' title='bbox 628 3051 660 3110; x_wconf 92' lang='lat' dir='ltr'><strong>in</strong></span> <span class='ocrx_word' id='word_1_176' title='bbox 675 3053 744 3120; x_wconf 90' lang='lat' dir='ltr'><strong>otio,</strong></span> 
     </span>
     <span class='ocr_line' id='line_1_34' title="bbox 119 3132 798 3212; baseline 0.006 -20"><span class='ocrx_word' id='word_1_177' title='bbox 119 3132 217 3192; x_wconf 89' lang='lat' dir='ltr'><strong>Gratis</strong></span> <span class='ocrx_word' id='word_1_178' title='bbox 233 3133 387 3203; x_wconf 88' lang='lat' dir='ltr'><strong>anhelans,</strong></span> <span class='ocrx_word' id='word_1_179' title='bbox 404 3134 494 3195; x_wconf 90' lang='lat' dir='ltr'><strong>multa</strong></span> <span class='ocrx_word' id='word_1_180' title='bbox 511 3134 624 3212; x_wconf 85' lang='lat' dir='ltr'><strong>agendo</strong></span> <span class='ocrx_word' id='word_1_181' title='bbox 639 3135 683 3195; x_wconf 91' lang='lat' dir='ltr'><strong>nil</strong></span> <span class='ocrx_word' id='word_1_182' title='bbox 697 3152 798 3212; x_wconf 87' lang='lat' dir='ltr'><strong>egens,</strong></span> 
     </span>
     <span class='ocr_line' id='line_1_35' title="bbox 119 3214 658 3280; baseline 0.009 -5"><span class='ocrx_word' id='word_1_183' title='bbox 119 3214 183 3276; x_wconf 90' lang='lat' dir='ltr'><strong>Sibi</strong></span> <span class='ocrx_word' id='word_1_184' title='bbox 198 3217 320 3278; x_wconf 92' lang='lat' dir='ltr'><strong>molesta</strong></span> <span class='ocrx_word' id='word_1_185' title='bbox 337 3227 367 3278; x_wconf 92' lang='lat' dir='ltr'><strong>et</strong></span> <span class='ocrx_word' id='word_1_186' title='bbox 381 3219 447 3279; x_wconf 88' lang='lat' dir='ltr'><strong>aliis</strong></span> <span class='ocrx_word' id='word_1_187' title='bbox 462 3219 658 3280; x_wconf 76' lang='lat' dir='ltr'><strong>odiosissime.</strong></span> 
     </span>
    </p>

    <p class='ocr_par' dir='ltr' id='par_1_21' title="bbox 118 3298 853 3466">
     <span class='ocr_line' id='line_1_36' title="bbox 118 3298 775 3382; baseline 0.006 -23"><span class='ocrx_word' id='word_1_188' title='bbox 118 3298 200 3360; x_wconf 86' lang='lat' dir='ltr'><strong>Hanc</strong></span> <span class='ocrx_word' id='word_1_189' title='bbox 215 3302 387 3372; x_wconf 85' lang='lat' dir='ltr'><strong>emendare,</strong></span> <span class='ocrx_word' id='word_1_190' title='bbox 403 3305 428 3363; x_wconf 91' lang='lat' dir='ltr'><strong>si</strong></span> <span class='ocrx_word' id='word_1_191' title='bbox 444 3310 543 3365; x_wconf 89' lang='lat' dir='ltr'><strong>tamen</strong></span> <span class='ocrx_word' id='word_1_192' title='bbox 559 3321 693 3382; x_wconf 86' lang='lat' dir='ltr'><strong>possum,</strong></span> <span class='ocrx_word' id='word_1_193' title='bbox 710 3303 775 3364; x_wconf 91' lang='lat' dir='ltr'><strong>rolo</strong></span> 
     </span>
     <span class='ocr_line' id='line_1_37' title="bbox 118 3383 853 3466; baseline 0.005 -22"><span class='ocrx_word' id='word_1_194' title='bbox 118 3383 193 3444; x_wconf 85' lang='lat' dir='ltr'><strong>Vera</strong></span> <span class='ocrx_word' id='word_1_195' title='bbox 209 3383 334 3458; x_wconf 85' lang='lat' dir='ltr'><strong>labella:¹</strong></span> <span class='ocrx_word' id='word_1_196' title='bbox 353 3389 483 3465; x_wconf 89' lang='lat' dir='ltr'><strong>pretium</strong></span> <span class='ocrx_word' id='word_1_197' title='bbox 498 3396 543 3449; x_wconf 89' lang='lat' dir='ltr'><strong>est</strong></span> <span class='ocrx_word' id='word_1_198' title='bbox 558 3405 666 3466; x_wconf 92' lang='lat' dir='ltr'><strong>operae</strong></span> <span class='ocrx_word' id='word_1_199' title='bbox 682 3387 853 3450; x_wconf 86' lang='lat' dir='ltr'><strong>adtendere.</strong></span> 
     </span>
    </p>
   </div>
   <div class='ocr_carea' id='block_1_6' title="bbox 160 3467 836 3554">
    <p class='ocr_par' dir='ltr' id='par_1_22' title="bbox 160 3467 836 3554">
     <span class='ocr_line' id='line_1_38' title="bbox 160 3467 836 3554; baseline 0.009 -25"><span class='ocrx_word' id='word_1_200' title='bbox 160 3467 268 3530; x_wconf 86' lang='lat' dir='ltr'><strong>Cacsar</strong></span> <span class='ocrx_word' id='word_1_201' title='bbox 283 3467 424 3532; x_wconf 85' lang='lat' dir='ltr'><strong>&#39;liberius</strong></span> <span class='ocrx_word' id='word_1_202' title='bbox 438 3489 506 3533; x_wconf 87' lang='lat' dir='ltr'><strong>cum</strong></span> <span class='ocrx_word' id='word_1_203' title='bbox 521 3481 628 3552; x_wconf 88' lang='lat' dir='ltr'><strong>petens</strong></span> <span class='ocrx_word' id='word_1_204' title='bbox 641 3471 800 3554; x_wconf 88' lang='lat' dir='ltr'><strong>Neapolim</strong></span> <span class='ocrx_word' id='word_1_205' title='bbox 834 3517 836 3520; x_wconf 24' lang='grc' dir='ltr'><strong>ι</strong></span> 
     </span>
    </p>
   </div>
   <div class='ocr_carea' id='block_1_7' title="bbox 0 0 1224 3824">
    <p class='ocr_par' dir='ltr' id='par_1_23' title="bbox 0 0 1224 3824">
     <span class='ocr_line' id='line_1_39' title="bbox 0 0 1224 3824; baseline 0 0"><span class='ocrx_word' id='word_1_206' title='bbox 0 0 1224 3824; x_wconf 95' lang='lat' dir='ltr'><strong> </strong></span> 
     </span>
    </p>
   </div>
  </div>
 </body>
</html>
