2438 3824
145 168 169 230 4
427 173 588 232 PHAEDRI
607 175 831 233 FABVLA'RVM

149 321 329 394 Secundam,
344 325 412 404 quia
427 343 492 387 sum
508 326 609 397 lortis,
623 326 765 389 tribuetis
780 327 871 401 mihi:

148 405 238 478 Tum,
253 409 323 488 quia
338 409 405 489 plus
419 410 516 480 valeo,
532 430 579 473 me
594 420 735 492 sequetur
747 415 853 486 tertia3

147 489 223 553 Malo
238 493 409 565 adiicietur,
425 496 521 576 siquis
534 505 669 576 quartam
683 499 826 576 tetigerit.
1075 505 1108 557 10

190 575 240 638 Sic
254 585 347 640 totam
360 579 500 659 praedam
514 581 575 642 sola
589 580 755 662 inprobitas
769 581 902 644 abstulit.

491 733 683 796 FABVLA
708 734 762 795 VI.

428 833 576 886 mum
593 833 651 884 AD
669 832 821 890 SOLEM.

189 917 286 980 Vicini
300 920 376 981 leuis
391 919 525 982 celebres
538 919 616 981 vidit
626 922 746 999 nuptias

147 1002 280 1081 Aesopus
294 1012 324 1064 et
338 1007 479 1066 continuo
493 1022 615 1066 narrare
631 1005 751 1084 incipit:

188 1086 315 1150 onrem
330 1088 478 1169 qnondam
493 1088 542 1150 Sol
558 1107 625 1150 cum
641 1088 729 1149 vellet
743 1090 870 1162 ducere,

147 1171 311 1234 Clamorem
326 1191 415 1236 ranae
430 1173 577 1235 sustulere
592 1172 629 1236 ad
643 1173 752 1236 sidera.

147 1257 281 1319 Convitio
296 1267 448 1337 permotus
463 1261 581 1339 quaerit
595 1257 730 1339 luppiter
1089 1269 1106 1321 5

148 1342 271 1403 Causam
285 1342 435 1423 querelae.
465 1342 614 1415 Quaedam
629 1351 692 1405 tum
708 1347 805 1423 stagni
819 1345 933 1406 incolat

147 1424 247 1496 Nunc,
263 1428 375 1508 lnquit,
390 1447 493 1489 omnes
509 1446 584 1490 unus
599 1431 698 1490 exurit
713 1429 795 1490 lacus

146 1511 289 1593 Cogitque
304 1515 429 1574 miseras
442 1513 524 1575 arida
538 1512 609 1574 sede
624 1515 727 1574 emori.

146 1594 292 1668 Quidnam
306 1599 439 1660 futurum
454 1606 514 1668 est,
529 1599 556 1658 si
569 1600 680 1659 crearit
695 1596 824 1662 liberast

483 1749 674 1811 FABVLA
694 1749 766 1811 VII.

253 1840 421 1902 vvn’us
437 1850 497 1900 AD
514 1849 746 1901 PERSONAM
762 1849 996 1904 rnamenta.

187 1937 348 1997 Personam
363 1937 506 2013 tragicam
521 1936 598 1998 lorte
613 1936 716 2016 vulpes
730 1936 860 1997 viderat:

145 2019 171 2084 0
186 2028 293 2100 quanta
309 2021 439 2100 speeies,
455 2021 567 2100 inquit,
582 2020 740 2082 cerebrum
755 2039 814 2082 non
829 2017 933 2081 habeti

187 2105 249 2166 lloo
263 2105 324 2166 illis
338 2104 523 2174 dictumest,
539 2104 649 2184 quibus
667 2105 808 2167 honorem
824 2114 855 2165 et
869 2103 995 2181 gloriam

145 2189 277 2252 Fortuna
292 2189 414 2261 tribuit,
430 2208 550 2250 sensum
566 2208 752 2251 communem
767 2189 901 2251 abstulit.

475 2342 667 2403 FABVLA
688 2341 773 2404 VIII.

413 2439 566 2495 Lvrvs
588 2442 649 2493 Μ
671 2441 831 2495 GBVIS.

186 2526 243 2599 Qui
258 2528 389 2608 pretium
403 2530 505 2588 meriti
521 2527 558 2590 ab
573 2527 710 2608 inprobis
724 2528 883 2599 desiderat,

143 2611 196 2674 Bis
210 2619 329 2692 peceat:
351 2613 482 2691 primum
497 2615 636 2693 quoniam
650 2612 786 2692 indignos
801 2613 935 2685 adiuvat:

143 2694 258 2777 inpune
273 2695 358 2758 abire
373 2697 482 2758 deinde
497 2700 566 2779 quia
581 2698 641 2758 iam
655 2716 715 2758 non
729 2705 837 2778 potest.

186 2779 227 2844 us
242 2781 412 2843 devoratum
428 2783 513 2844 iauce
528 2800 596 2843 eum
611 2782 749 2846 haereret
763 2783 834 2863 hrpi,

143 2865 250 2944 Magno
264 2864 365 2928 dolore
380 2867 476 2927 rictus
490 2868 589 2947 coepit
603 2867 736 2945 singulos

144 2949 272 3012 lnlicere
286 2952 402 3031 pretio,
418 2949 537 3013 utillud
552 2948 744 3013 extraherent
757 2952 877 3012 malum.

144 3033 275 3097 Tandem
289 3053 430 3115 persuasa
446 3042 491 3097 est
505 3038 571 3096 iure
586 3037 712 3098 iurando
726 3039 820 3115 gruis,

145 3119 297 3200 Gulaeque
312 3120 438 3181 eredens
452 3120 520 3181 colli
536 3120 762 3199 longitudinem,

143 3202 345 3266 Periculosam
361 3206 433 3266 lecit
447 3204 624 3267 medicinam
640 3206 721 3286 lupo.

144 3289 241 3369 hquo
256 3307 323 3350 cum
337 3297 456 3369 pactum
471 3289 618 3368 llagitaret
632 3291 812 3371 praemium:

144 3371 263 3451 Ingrata
277 3391 325 3443 cs,
341 3374 454 3452 inquit,
470 3392 522 3435 oro
536 3393 612 3455 quae
628 3394 645 3437 e
660 3382 761 3436 nostro
776 3380 865 3454 caput

139 3455 293 3518 incolume
307 3455 469 3521 abstuleris
482 3466 513 3520 et
526 3460 696 3521 mercedem
710 3460 851 3539 postules.

221 3762 256 3791 A
336 3770 354 3791 ι
