2438 3824
157 154 200 222 32
435 162 597 219 PHAEDRI
616 162 841 219 PABVLARVM

157 310 351 390 Persequitur
367 310 449 372 illum
464 311 538 373 dura
552 312 606 374 lati
621 313 752 375 miseria.

200 394 275 457 Galli
291 394 426 477 Cybebes
440 399 554 458 circum
569 399 600 458 in
615 406 756 478 quaestus
771 398 882 460 ducere

158 482 280 542 Asinum
296 481 431 542 solebant
446 480 627 543 baiulantem
643 484 785 544 sarcinas.

157 565 185 626 ls
200 584 267 626 curn
283 565 385 627 labore
401 573 432 626 et
446 567 541 645 plagis
556 574 634 628 esset
649 576 792 639 mortuus,

157 649 294 711 Detracta
312 649 388 729 pelle
403 648 464 711 sibi
479 651 616 712 iecerunt
630 658 777 731 tympana.

157 734 262 810 Rogati
279 753 346 796 mon
361 735 535 815 aquodam,
552 736 659 796 delicio
675 754 728 797 suo

158 817 303 890 Quidnam
319 820 475 889 fecissent,
492 819 547 880 hoc
560 818 651 882 locuti
667 829 736 882 sunt
751 823 854 885 modo:

158 902 283 965 Putabat
298 922 329 965 se
345 913 412 983 post
428 913 551 966 mortem
567 923 705 966 securum
720 906 799 978 iore;

157 987 234 1050 Ecce
249 987 325 1051 aliae
339 987 443 1068 plagae
459 997 662 1068 congeruntur
676 999 804 1053 mortuo.

509 1143 704 1204 PABVLA
723 1143 766 1204 H.

560 1227 712 1296 sobre

199 1327 331 1388 ioculare
346 1327 403 1390 tibi
418 1328 551 1398 videtur,
567 1336 597 1389 et
612 1347 683 1389 sane
697 1329 764 1400 levi,

157 1411 234 1473 Ilum
250 1412 322 1473 nibil
339 1411 605 1484 babemusmaius,
622 1413 734 1474 calamo
749 1412 890 1476 ludimus.

158 1495 216 1556 Sed
232 1496 389 1575 diligenter
404 1499 522 1558 intuere
538 1497 591 1557 bas
605 1499 723 1558 nenias:

118 1584 129 1608 ’
157 1578 303 1650 Quantam
318 1580 373 1641 sub
388 1581 447 1642 illis
463 1582 619 1643 utilitatem
637 1583 784 1661 reperies!

158 1664 222 1726 Non
237 1683 355 1745 semper
366 1684 400 1727 ea
415 1674 497 1736 sunt,
514 1685 589 1747 quae
605 1666 759 1735 ridentum
775 1665 888 1743 decipit

157 1750 253 1812 Frons
268 1753 365 1830 prima
382 1751 502 1813 multos:
527 1769 593 1811 rara
608 1768 692 1811 mens
706 1749 863 1827 intellegit,

157 1832 241 1905 Quod
257 1837 400 1897 interiore
415 1836 551 1898 condidit
565 1853 636 1897 cura
652 1835 771 1912 angulo.

157 1919 219 1980 Hoc
234 1938 271 1980 ne
287 1920 401 1981 locutus
415 1923 480 1983 sine
496 1921 633 1982 mercede
649 1920 810 1989 existimer,

157 2003 307 2067 Fabellam
323 2005 448 2067 adiciam
464 2006 501 2066 de
516 2004 640 2068 mustela
656 2012 686 2065 et
699 2003 844 2064 muribus.

199 2088 322 2151 Mustela
338 2109 404 2151 cum
420 2093 504 2152 annis
520 2098 550 2150 et
564 2097 682 2150 senecta
699 2087 806 2149 debilis

156 2173 256 2235 liures
270 2174 385 2236 veloces
399 2194 457 2236 non
473 2175 584 2236 valeret
598 2175 731 2255 adsequi,

157 2258 281 2320 Involvit
296 2277 328 2320 se
344 2261 439 2320 lerina
455 2268 484 2321 et
499 2259 626 2321 obscuro
642 2260 705 2320 loco

159 2343 274 2405 Abiecit
289 2344 491 2423 neglegenter.
522 2344 586 2405 Mus
601 2362 699 2405 escam
714 2351 821 2424 putans

158 2427 285 2490 Adsiluit
298 2438 327 2490 et
342 2447 521 2509 conpressus
535 2428 677 2491 occubuit
691 2430 767 2490 neci.

157 2513 239 2574 Alter
253 2513 404 2583 similiter,
421 2514 529 2575 deinde
544 2516 623 2594 perit
638 2521 667 2574 et
682 2515 799 2576 tertius.

158 2598 275 2678 Aliquot
290 2601 401 2660 secutis
416 2601 496 2660 venit
511 2607 541 2659 et
555 2599 729 2666 retorridus,

158 2680 212 2752 Qui
228 2701 316 2762 saepo
333 2684 454 2763 laqueos
468 2690 498 2744 et
513 2683 676 2763 muscipula
692 2682 852 2761 effugerat3

157 2766 323 2846 Proculque
339 2768 463 2828 insidias
477 2785 604 2828 cernens
619 2767 711 2828 bostis
725 2767 840 2828 callidi:

158 2850 208 2912 Sic
224 2851 335 2922 valeas,
352 2853 465 2932 inquit,
481 2859 513 2914 ut
528 2853 624 2914 larina
639 2870 686 2922 es,
702 2869 778 2932 quae
794 2849 887 2911 iacesl

505 3003 697 3065 FABVLA
717 3003 774 3063 111.

433 3104 491 3155 Dm
507 3102 651 3155 vthn
668 3102 723 3154 ΕΤ
740 3103 842 3155 VVA.

199 3190 291 3252 Fame
307 3197 408 3251 coacta
424 3189 526 3269 vulpes
543 3188 598 3249 alta
615 3189 645 3248 in
662 3189 746 3249 vinea

158 3272 248 3336 Vram
263 3274 422 3354 adpetebat
437 3275 560 3335 summis
576 3272 686 3333 saliens
700 3272 830 3344 viribus;

159 3357 252 3430 Quam
268 3367 389 3437 tangere
406 3367 510 3420 utnon
526 3359 635 3438 potuit,
652 3356 808 3418 discedens
823 3359 879 3418 ait:

159 3443 296 3506 Nondum
310 3451 425 3506 matura
439 3450 501 3516 est;
515 3442 583 3504 nolo
598 3440 736 3503 acerbam
751 3459 879 3505 sumere.
