2438 3824
510 194 618 250 LIBER
637 195 684 253 IV.

466 429 655 490 FABVLA
677 431 730 490 XI.

374 561 471 613 ΠΒ
499 561 558 613 ΕΤ
584 556 822 616 ΙΝΟΕΒΝΑ.

159 699 324 762 Lucernam
339 699 388 761 iur
403 699 539 760 accendit
554 717 590 760 ex
605 717 655 760 ara
671 700 746 761 lovis

118 783 275 865 Ipsumque
290 784 449 864 conpilavit
464 784 499 844 ad
515 783 616 844 lumen
631 802 726 845 suum.

118 867 175 940 Qui
190 869 347 946 sacrilegio
362 876 485 929 onustus
500 886 566 928 cum
583 868 760 938 discederet,

117 953 251 1034 Repente
266 972 366 1014 vocem
382 961 482 1013 sancta
497 955 579 1013 misit
593 952 723 1030 Religio:

118 1038 259 1099 Malorum
275 1040 408 1118 quamvis
423 1040 480 1098 ista
495 1038 608 1098 luerint
623 1056 746 1099 munera

118 1122 249 1202 Mihique
263 1125 372 1191 invisa,
389 1129 422 1183 ut
436 1140 494 1183 nou
510 1122 642 1183 ollendar
656 1122 784 1202 subripi,

117 1207 245 1276 Tamen,
261 1206 400 1274 sceleste,
418 1209 526 1285 spiritu
541 1207 657 1285 culpam
672 1206 745 1276 lues,

118 1293 196 1354 Olim
211 1309 277 1352 cum
294 1291 461 1370 adscriptus
477 1294 591 1351 venerit
606 1309 717 1370 poenae
733 1292 807 1354 dies.

119 1377 177 1438 Sed
193 1394 231 1436 ne
246 1377 325 1453 ignis
341 1383 441 1435 noster
455 1376 579 1435 facinori
596 1377 772 1455 praeluceat,

118 1461 175 1521 Per
189 1478 277 1540 quem
292 1459 437 1520 verendos
451 1460 559 1519 excolit
573 1462 668 1540 pietas
683 1461 763 1530 deos

118 1545 190 1606 Veto
205 1563 269 1605 esse
281 1543 338 1605 tale
353 1544 473 1605 lumtnia
489 1547 709 1606 commercium.

118 1630 160 1692 Ita
176 1630 264 1691 hodie
279 1647 335 1690 nec
350 1627 501 1690 lucernam
516 1629 552 1690 de
567 1629 682 1690 tlamma
699 1630 787 1690 deum

118 1714 180 1776 Nec
194 1714 231 1775 de
246 1715 367 1776 lucerna
382 1715 427 1775 las
441 1722 487 1774 est
501 1714 622 1775 accendi
638 1733 764 1775 sacrum.

159 1798 235 1871 Quot
250 1817 300 1860 res
314 1801 464 1859 contineat
479 1798 534 1860 hoc
549 1806 753 1875 argumentum
770 1799 867 1870 utiles,

117 1884 183 1946 Non
198 1882 358 1963 explicabit
372 1884 462 1953 alius,
478 1901 565 1962 quam
581 1885 632 1962 qul
648 1887 792 1962 repperit.

118 1969 270 2047 Significat
285 1970 382 2048 primo
397 1987 501 2047 saepe,
517 1986 592 2046 quos
606 1969 670 2046 ipse
686 1968 806 2043 alueris,

117 2054 186 2114 Tibi
202 2055 330 2114 inveniri
349 2055 474 2113 maxime
492 2054 671 2123 contrarios;

117 2138 254 2199 Secundo
268 2137 397 2198 ostendit
411 2137 523 2197 scelera
539 2156 596 2197 non
612 2138 657 2197 ira
672 2138 769 2208 deum,
834 2157 837 2162 ’

118 2223 257 2284 Fatorum
273 2222 352 2282 dicto
367 2222 419 2282 sed
434 2223 534 2301 puniri
550 2228 700 2300 tempore;

119 2306 283 2367 Novissime
299 2305 465 2375 interdicit,
481 2324 518 2367 nc
533 2323 600 2366 cum
615 2306 749 2367 malefico

119 2391 208 2451 Vsum
222 2389 318 2452 honus
332 2394 482 2452 consociet
497 2390 587 2451 ullius
601 2393 657 2451 rei.

458 2609 649 2670 uABvuA
670 2612 737 2672 XII.

354 2742 498 2795 MALAS
514 2743 616 2794 ESSE
633 2743 835 2797 DIVITIAS.

159 2883 237 2964 Opes
250 2883 363 2943 invisae
378 2883 485 2942 merito
500 2888 570 2942 sunt
583 2881 655 2941 lorti
670 2883 744 2951 viro,

117 2967 190 3039 Ouia
206 2969 288 3029 dives
302 2984 371 3029 arca
386 2983 485 3026 veram
501 2965 617 3026 laudem
633 2967 796 3046 intercipit.

158 3053 247 3115 Caelo
260 3058 399 3131 receptus
415 3057 536 3129 propter
551 3052 692 3112 virtutem
708 3049 852 3112 Hercules

118 3138 190 3199 Cum
205 3136 386 3214 gratulantes
402 3134 612 3215 persalutasset
627 3135 706 3204 deos,

117 3220 259 3281 Veniente
274 3221 374 3290 Pluto,
390 3222 440 3299 qui
456 3219 604 3279 Fortunae
620 3228 665 3279 est
679 3220 766 3290 lilius,

118 3307 231 3367 Avertit
245 3304 355 3365 oculos.
384 3304 506 3365 Causam
523 3305 668 3383 quaesivit
683 3313 775 3384 pater.

118 3389 189 3459 Odi,
205 3389 317 3468 inquit,
334 3386 431 3458 illum,
447 3389 517 3468 quia
532 3388 619 3448 malis
634 3391 745 3449 amicus
760 3395 806 3448 est

118 3473 270 3554 Simulque
285 3469 402 3534 abiecto
416 3478 521 3532 cuncta
536 3474 701 3552 corrumpit
715 3472 810 3534 lucro.
