2438 3824
125 163 167 230 14
400 169 560 225 PHAEDRI
580 168 803 226 FABVLARVM

483 321 673 382 FABVLA
693 322 719 382 Ι.

255 419 486 484 wvumcvs,
504 421 585 472 uno
601 419 657 471 nn
674 418 942 471 Pmnnnon.

165 504 262 585 Super
277 508 433 567 iuvencum
449 505 545 567 stabat
559 506 706 567 deiectum
722 506 778 567 leo.

123 589 284 651 Praedator
299 592 459 650 intervenit
474 599 588 671 partem
604 592 766 670 postulans.

123 675 246 744 Darem,
263 677 375 753 inquit,
392 677 450 736 nisi
466 674 579 736 soleres
592 693 647 755 per
663 684 691 736 te
706 692 840 736 sumere:

123 758 161 839 Et
176 758 335 838 inprobum
349 762 465 820 reiecit.
494 760 583 821 Forte
600 763 737 821 innoxius

123 844 224 904 Viator
239 850 286 904 est
300 843 444 904 deductus
459 846 490 905 in
506 844 632 906 eundem
648 845 744 906 locum

123 928 259 1008 Feroque
274 930 338 989 viso
353 929 456 991 retulit
469 937 552 991 retro
565 927 682 1010 pedem.

123 1013 178 1074 Cui
193 1013 325 1093 placidus
340 1012 405 1075 ille:
435 1013 500 1075 Nou
515 1015 652 1095 estquod
670 1017 788 1084 timeas,
806 1015 863 1086 ait:

123 1098 175 1167 Et,
191 1117 265 1177 quae
281 1097 406 1159 debetur
421 1117 490 1178 pars
503 1107 570 1160 tuae
586 1099 767 1172 modestiae,

124 1182 270 1244 Audacter
285 1183 365 1244 tolle.
395 1183 478 1244 'l'unc
494 1184 589 1245 diviso
604 1192 723 1262 tergore

124 1266 218 1329 Silvas
232 1268 350 1348 petivit,
366 1267 480 1329 homiui
495 1275 527 1329 ut
542 1287 694 1330 accessum
709 1268 803 1329 daret.
1048 1273 1082 1325 10

165 1351 339 1432 Exemplum
354 1356 506 1432 egregium
522 1371 644 1432 prorsus
659 1362 689 1415 et
703 1352 868 1425 laudabile:
1038 1353 1041 1359 '

123 1435 233 1499 Verum
247 1444 293 1499 est
306 1437 430 1500 aviditas
445 1438 526 1499 dives
541 1446 572 1499 et
585 1456 700 1518 pauper
714 1438 818 1519 pudor.

156 1689 271 1742 Amvs
287 1593 499 1742 nmmum}
505 1590 729 1753 ἓξὲὲῐῖὲῖἓ
741 1688 850 1741 ΠΈΜ
865 1686 1047 1740 PVELLA.

166 1778 189 1838 A
204 1777 324 1838 leminis
338 1784 498 1857 utcumque
513 1777 634 1857 spoliari
650 1779 738 1845 viros,

124 1861 244 1932 Ament,
260 1869 410 1933 amentur,
426 1881 533 1942 nempe
549 1861 694 1941 exemplis
710 1861 862 1922 discimus.

165 1947 279 2009 Aetatis
293 1947 408 2008 mediae
424 1947 570 2027 quendam
586 1947 695 2008 mulier
708 1965 767 2007 non
784 1944 869 2006 rudis
957 1977 961 1984 ·

123 2031 259 2093 'l'euebat
272 2049 365 2092 anuos
379 2031 479 2093 celans
494 2033 651 2110 elegantia,

123 2117 303 2197 Animosque
319 2116 452 2178 eiusdem
468 2117 590 2197 pulchra
605 2117 721 2177 iuvenis
737 2121 866 2196 ceperat.
1065 2119 1082 2170 5

124 2201 249 2273 Ambae,
265 2201 359 2262 rideri
374 2202 444 2262 dum
460 2201 562 2262 volunt
576 2201 619 2262 illi
634 2219 731 2282 pares,

123 2285 251 2365 Capillos
265 2285 380 2347 homini
395 2287 494 2365 legere
510 2304 636 2365 coepere
651 2287 788 2346 invicem.

122 2369 179 2442 Oui
195 2390 227 2433 se
242 2378 362 2451 putaret
376 2372 447 2449 llngi
463 2389 533 2432 cura
549 2370 718 2440 mulierum,

123 2455 228 2517 Calvus
241 2463 365 2535 repente
380 2457 477 2518 lactus
492 2462 554 2526 est:
570 2473 637 2516 uam
653 2454 787 2517 lunditus

122 2540 216 2603 Canos
230 2541 344 2622 puella,
360 2542 463 2621 nigros
477 2559 551 2603 auus
566 2540 715 2601 evelleret.

465 2693 658 2756 FABVLA
677 2693 734 2754 III.

202 2791 393 2845 AESOPVS
410 2793 469 2844 AD
487 2792 634 2851 vamn
640 2793 699 2842 ΑΜ
715 2791 773 2842 ΒΕ
790 2788 999 2843 SVGOESSV

455 2860 748 2914 INPROBORVM.

163 2948 324 3009 Laceratus
339 2947 459 3027 quidam
474 2966 577 3008 morsu
592 2947 777 3007 vehementis
792 2947 874 3006 canis

123 3030 260 3094 'linctum
275 3050 383 3093 cruore
399 3051 505 3113 panem
521 3032 602 3093 misit
616 3031 759 3101 malellco,

122 3118 265 3179 Audierat
279 3136 345 3178 esse
361 3118 440 3197 quod
454 3118 617 3178 remedium
632 3116 775 3176 vulneris.

121 3201 204 3261 'l'uuc
220 3204 263 3262 sic
278 3202 426 3282 Aesopus:
450 3202 516 3263 Noli
531 3219 631 3262 coram
646 3200 784 3281 pluribus

120 3286 183 3347 Hoc
198 3287 296 3347 lacere
312 3285 450 3358 canibus,
466 3306 504 3348 ue
520 3305 574 3348 uos
589 3287 670 3347 viros
685 3285 837 3355 devorent,
1065 3291 1083 3344 5

121 3370 195 3433 Cum
210 3373 335 3433 scierint
350 3390 415 3432 esse
432 3371 489 3434 tale
506 3372 609 3451 culpae
626 3372 801 3450 praemium.

161 3454 324 3519 Successus
338 3456 535 3538 inproborum
548 3457 650 3538 plures
665 3455 777 3518 adlicit.
