2438 3824
435 177 440 184 ’
504 172 696 229 APPENDIX.
762 180 767 228 J
877 180 879 184 ’

417 347 832 466 ἙΑΒνΒΑΧΧνΠᾳ]
938 346 964 383 ⁶
1025 453 1027 460 Ι

349 482 578 534 mmmmm
593 483 648 534 ΕΦ
665 481 853 550 IVVENIS.
1003 548 1005 551 ἢ

204 580 296 635 Multa
312 597 372 637 esse
389 579 513 635 ineunda
530 596 603 648 quae
619 581 716 636 tamen
733 582 799 636 sunt
815 581 1000 636 incommoda

162 688 236 749 Cum
251 687 438 749 blandiretur
453 690 553 749 iuveni
569 691 711 749 meretrix
725 689 848 768 perlida,

119 771 156 834 Et
170 773 218 834 ilie
233 772 330 834 laesus
345 770 552 852 multie'saepe
567 771 688 834 iniuriis
892 770 894 775 ’

119 856 231 919 l'amen
246 856 408 937 praeberet
422 877 488 918 sese
503 859 620 919 facilem
636 858 766 930 mulieri,

119 942 169 1003 Sic
184 943 367 1004 insidiatrix:
397 941 509 1004 Omnes
523 941 698 1004 muneribus
711 942 783 1005 licet

119 1027 319 1097 contendant,
335 1034 434 1104 egeto
450 1029 573 1105 plurimi
588 1029 662 1089 facio
677 1034 794 1090 tamem
904 1055 907 1065 ·

120 1111 238 1173 iuvenis
253 1113 414 1173 recordans
428 1115 566 1191 quotiens
582 1113 724 1192 deceptus
738 1115 829 1174 loret:

119 1195 285 1266 Lubenter,
302 1198 414 1276 inquit,
430 1215 495 1257 mea
510 1196 573 1266 lux,
589 1197 665 1258 hano
680 1216 781 1258 vocem
797 1198 903 1274 audio,¹

119 1280 185 1341 Non
199 1279 278 1361 qnod
291 1279 403 1352 tidelis,
419 1281 472 1343 sed
487 1280 567 1362 qnod
580 1281 709 1343 iucunda
723 1289 772 1344 est·
783 1282 867 1343 inihi.

420 1438 612 1537 anenno
633 1478 771 1540 xxvm.

529 1584 667 1639 HBER.

161 1689 255 1749 Canes
270 1688 401 1766 elingere
416 1707 482 1749 cum
500 1691 557 1748 iam
572 1707 630 1749 non
647 1691 741 1768 possit
755 1688 840 1760 fiber,

121 1770 236 1850 (Graeci
252 1773 391 1852 loquaces
406 1791 494 1852 quem
509 1773 650 1834 dixerunt
664 1782 809 1835 castorem

118 1857 155 1919 Et
171 1857 344 1921 indiderunt
360 1856 472 1917 bestiae
487 1876 595 1918 nomen
611 1857 668 1927 dei,

118 1942 179 2013 llli,
195 1945 246 2023 qui
263 1945 375 2003 iactant
389 1960 421 2002 se
437 1941 595 2002 verborum
611 1942 722 2023 sopiat)

118 2027 264 2108 Abripere
280 2045 380 2087 morsu
395 2027 490 2088 fertur
504 2027 656 2088 testiculos
671 2027 740 2098 sibi,

117 2110 191 2183 Quia
206 2118 330 2192 propter
344 2111 410 2172 illos
425 2113 535 2172 sentiat
549 2130 615 2172 sese
630 2115 702 2191 peti.

117 2196 221 2257 Divina
236 2196 315 2277 quod
330 2197 447 2257 ratione
462 2197 528 2256 fleri
544 2215 602 2256 non
617 2215 739 2274 negem;

117 2280 246 2341 Venator
260 2299 387 2360 namque
403 2281 491 2341 simul
506 2283 620 2342 invenit
633 2283 811 2352 remedium,

118 2363 235 2426 Omittit
249 2367 346 2444 ipsum
361 2368 501 2445 persequi
516 2373 546 2427 et
560 2373 679 2427 revocat
694 2364 791 2427 canes

159 2448 221 2509 Hoc
236 2453 261 2510 si
276 2457 428 2528 praestare
443 2458 565 2529 possent
578 2451 728 2521 homines,
746 2459 778 2512 ut
792 2469 846 2527 sno
922 2492 924 2494 -
1015 2471 1019 2478 ·
1046 2461 1079 2513 10

117 2532 233 2594 Vellent
248 2551 365 2603 carere,
383 2536 439 2595 tuti
453 2535 575 2614 posthac
591 2537 739 2607 viverent;
819 2584 820 2588 ,

118 2617 202 2680 Haud
217 2620 374 2698 quisquam
388 2620 513 2681 insidias
528 2619 607 2681 nudo
621 2621 734 2681 iaceret
748 2622 885 2700 corpori„
940 2660 941 2664 =

438 2824 630 2885 FABVLA
652 2826 758 2884 XXIX.

391 2931 565 2985 PAPILIO
581 2932 637 2984 ET
654 2933 803 2985 VESPA.

191 3029 255 3085 Non
271 3029 455 3099 praeteritam
472 3029 716 3152 sedsprrtaeseniem
733 3030 923 3100 aspiciendam
940 3046 1001 3088 esse

535 3114 551 3151 o
580 3114 673 3152 unam.

158 3200 272 3281 Papilio
288 3221 406 3283 vespam
421 3206 667 3283 praetervolitans
681 3205 806 3266 viderat.

117 3284 142 3346 0
157 3293 268 3347 sortem
283 3288 427 3367 iniquam!
448 3289 517 3349 dnm
533 3288 671 3350 vivebant
685 3308 817 3369 corpora,

117 3368 249 3440 Quorum
264 3389 301 3432 ex
315 3370 451 3452 reliquiis
465 3375 592 3435 animam
608 3392 661 3434 nos
677 3376 854 3454 accepimus,

117 3454 179 3533 ligo
194 3454 336 3536 eloquens
350 3456 381 3515 in
396 3474 483 3536 pace,
499 3457 586 3518 sortis
601 3457 731 3538 proeliis,
