2438 3824
515 182 623 238 LIBER
642 181 679 241 V.

404 466 549 530 LIBER
571 467 791 541 QVINTVS.

456 602 567 653 runnu
583 585 734 654 eonium

159 702 267 783 Aesopi
281 721 389 765 nomen
404 703 501 766 sicubi
515 707 735 784 interposuere,

117 788 170 849 Cui
185 788 304 848 reddidi
318 791 377 850 iam
391 789 509 868 pridem
523 789 663 869 quicquid
679 787 780 860 debui,

116 873 308 934 Auctoritatis
322 890 388 933 esse
403 875 478 934 scito
493 877 602 950 gratia:

116 954 153 1016 Vt
167 957 286 1037 quidam
301 957 431 1018 artifices
446 965 547 1019 nostro
562 959 674 1018 iaciunt
688 956 797 1027 seculo,

116 1040 173 1112 Qui
188 1042 318 1120 pretium
333 1041 475 1120 operibus
488 1043 584 1103 maius
598 1043 768 1110 inveniunt,
784 1057 858 1102 noro
1059 1043 1078 1098 5

118 1125 149 1186 Si
165 1127 307 1186 marmori
322 1126 545 1204 adscripserunt
558 1125 726 1187 Praxitelen
740 1143 804 1194 suo,

117 1208 201 1269 Trito
215 1209 368 1288 Myronem
384 1218 520 1288 argento,
537 1210 654 1271 tabulae
669 1209 837 1271 Zeuxidem.

118 1293 200 1353 ddco
214 1294 328 1354 fucatae
343 1293 412 1373 plus
425 1295 562 1355 vetustati
577 1297 654 1357 lavet

118 1376 231 1437 Invidia
245 1377 368 1437 mordax
383 1397 471 1457 quam
487 1378 573 1440 bonis
588 1377 805 1458 praesentibus.

119 1459 179 1522 Sed
192 1462 252 1522 iam
266 1460 304 1522 ad
317 1460 455 1524 labellam
470 1463 538 1524 talis
552 1464 681 1544 exempli
696 1464 788 1524 leror.

475 1684 667 1746 FABVLA
691 1683 717 1744 Ι.

171 1799 421 1852 nunnunrvs
437 1800 528 1851 nux
543 1800 600 1851 uu
616 1797 861 1850 nuncnune
876 1779 1025 1851 rodun.

243 1897 388 1963 Quomodo
405 1913 490 1967 saepo
506 1895 624 1952 litllatur
640 1895 785 1950 hominum
801 1892 944 1950 iudicium.

159 2019 342 2090 demetrius,
358 2021 410 2100 qui
427 2020 525 2080 dictus
539 2027 585 2080 est
599 2018 767 2089 Phalereus,

118 2104 249 2166 Athenas
263 2106 417 2184 occupavit
432 2105 549 2183 inperio
564 2103 701 2183 inprobo.

118 2188 155 2248 Vt
170 2208 232 2250 rnos
247 2197 292 2249 est
307 2189 401 2266 vulgi,
416 2191 528 2268 passim
544 2197 574 2250 et
589 2190 724 2249 certatim
739 2190 800 2249 ruit

119 2320 138 2343 „
148 2273 331 2334 Feliciter!“
347 2273 540 2334 succlamans.
570 2273 631 2352 lpsi
646 2275 799 2353 principes

118 2356 200 2417 lllam
215 2357 401 2427 osculantur,
417 2376 475 2438 qua
490 2367 558 2419 sunt
573 2359 722 2437 oppressi,
739 2375 867 2429 manum,
1060 2362 1079 2415 5

120 2441 220 2501 'l'acite
234 2449 389 2518 gementes
403 2443 518 2504 tristem
534 2443 670 2502 fortunae
686 2444 790 2503 vicem.

119 2525 196 2596 Quin
212 2528 303 2586 etiam
319 2525 434 2587 resides
449 2534 479 2587 et
494 2535 653 2606 sequentes
667 2527 769 2596 otium,

119 2609 163 2671 Ne
179 2609 309 2670 defuisse
324 2618 443 2679 noceat,
458 2619 567 2690 repunt
583 2611 696 2679 ultimi;

119 2695 153 2755 ln
167 2695 237 2774 quis
250 2693 426 2765 Menander,
442 2694 552 2756 nobilis
566 2693 739 2762 comoediis,

119 2778 197 2850 Quas
211 2781 309 2858 ipsum
324 2781 464 2856 ignorans
478 2779 592 2857 legerat
606 2779 773 2839 Demetrius

121 2864 156 2924 Et
171 2863 333 2924 admiratus
349 2864 445 2926 inerat
460 2865 612 2942 ingenium
626 2865 694 2932 viri,

122 2947 273 3026 Vnguento
289 2946 454 3016 delibutus,
471 2950 579 3010 vestitu
594 2948 699 3016 lluenS,

121 3032 263 3094 Veniebat
278 3049 381 3110 gressu
397 3031 521 3094 delicato
537 3039 567 3093 et
581 3031 731 3110 languido.

119 3116 204 3177 Hunc
218 3115 271 3177 ulti
285 3125 426 3196 tyrannus
442 3118 515 3177 vidit
531 3125 664 3177 extremo
680 3117 812 3193 agmine:

120 3198 261 3270 Quisnam
275 3201 415 3261 cinaedus
430 3201 481 3261 ille
497 3204 733 3280 inconspectum
749 3218 847 3260 meum
1045 3204 1079 3258 15

120 3283 215 3344 Audet
231 3284 349 3343 venirei
378 3284 606 3364 Responderunt
621 3286 763 3365 proximi:

121 3367 176 3427 llic
192 3376 237 3429 est
251 3367 412 3428 Menander
427 3371 564 3448 scriptor.
595 3369 723 3429 Mutatus
738 3370 850 3429 statim:

121 3451 229 3522 Homo,
245 3452 358 3531 inquit,
373 3453 439 3514 deri
455 3471 513 3514 non
529 3460 627 3533 potest
640 3454 809 3513 formosior.
