2438 3824
120 172 162 239 58
404 178 566 236 PHAEDRI
584 177 808 233 FABVLARVM

122 329 283 400 Quaestum
299 327 433 398 deterre,
450 326 546 389 stabat
560 335 663 407 portae
679 329 711 388 in
726 327 840 389 limine.

122 414 209 476 lllum
223 414 341 493 puellae
356 432 427 475 casn
442 413 611 473 conducunt
626 430 706 481 suae,

122 498 193 560 Viae
209 497 327 559 labores
342 506 462 559 teneros
477 515 514 557 ne
531 497 648 558 laedant
663 495 763 576 pedes.

122 583 255 663 Repente
271 584 401 653 caelum,
415 582 541 643 Veneris
556 581 771 650 misericordia,

122 670 226 729 Ventis
241 675 390 737 movetur,
406 669 521 728 intonat
536 665 639 727 mnndi
654 667 754 743 fragor

123 752 305 832 Noctemque
321 752 422 812 densis
436 751 588 812 horridam
602 749 714 811 nimbis
728 756 828 829 parat:
846 821 850 828 θ

123 839 186 900 Lux
202 839 317 917 rapitur
332 836 424 897 oculis
440 844 469 897 et
484 836 573 896 simul
590 836 634 897 vis
647 835 803 913 grandinis

123 923 222 984 Eilusa
237 922 370 1000 trepidos
384 921 496 1001 passim
511 923 635 981 comites
649 919 784 998 dissipat,

124 1006 187 1069 Sibi
204 1024 352 1087 quemque
368 1023 477 1084 cogens
491 1015 594 1085 petere
609 1004 789 1084 praesidium
806 1005 886 1081 luga.

123 1090 237 1153 Asellus
252 1099 355 1152 notum
370 1092 537 1171 proximum
553 1097 663 1150 tectum
679 1088 760 1150 subii

124 1177 162 1237 Et
176 1193 247 1237 voce
262 1193 367 1254 magna
383 1194 448 1236 sese
465 1177 581 1238 venisse
596 1174 719 1235 indicat.

123 1261 309 1323 Procurrunt
323 1262 425 1340 pueri,
442 1259 596 1340 pulchram
611 1260 761 1338 aspiciunt
777 1259 923 1336 virginem

124 1346 162 1406 nt
176 1345 373 1406 admirantur:
397 1345 504 1408 deinde
519 1344 638 1404 domino
654 1345 800 1403 nuntiant.

125 1430 206 1490 Inter
220 1429 336 1490 sodales
351 1429 401 1490 ille
416 1446 527 1508 paucos
542 1427 690 1489 accubans

124 1516 263 1575 Amorem
278 1512 394 1575 crebris
409 1512 550 1573 avocabat
564 1513 689 1593 poculis.

124 1598 180 1659 Vbi
196 1600 363 1659 nuntiatum
378 1604 439 1668 est,
456 1604 608 1659 recreatus
623 1596 739 1674 gaudiis

126 1683 269 1744 Hortante
285 1682 402 1744 Baccho
415 1689 448 1748 et
461 1681 591 1752 Venere,
608 1681 710 1742 dulces
725 1682 843 1761 perlicit

126 1767 320 1848 Aequalitatis
335 1768 414 1828 inter
428 1767 550 1847 plausus
564 1768 694 1846 nuptias.

125 1851 278 1924 Quaerunt
292 1859 431 1931 parentes
445 1869 500 1932 per
514 1869 692 1931 praeconem
707 1849 814 1920 filiam;

126 1937 225 1997 Novus
240 1938 364 1997 maritus
379 1939 504 2014 coniuge
520 1937 627 1997 amissa
643 1935 733 1996 dolet.

125 2019 202 2091 Quid
218 2028 297 2082 esset
311 2030 408 2081 actum
423 2028 578 2099 postquam
593 2020 702 2100 populo
718 2018 856 2087 innotuit,

126 2105 237 2166 Omnes
251 2105 382 2166 favorem
398 2104 620 2182 conprobarunt
635 2103 784 2165 caelitum.

467 2255 658 2316 FABVLA
679 2255 745 2316 XV.
808 2244 811 2248 ⁴

375 2353 565 2407 Amsopvs
582 2354 638 2405 ET
655 2354 837 2407 DOMINA.

336 2435 426 2502 Quam
442 2436 544 2492 noceat
560 2452 645 2505 saepe
661 2452 759 2491 verum
776 2436 878 2491 dicere.

168 2524 302 2605 Aesopus
317 2527 398 2605 turpi
414 2544 482 2586 cum
496 2528 624 2587 serviret
637 2525 776 2597 feminae,

126 2609 206 2681 Quae
221 2629 253 2670 se
270 2611 455 2690 expingendo
471 2617 564 2672 totum
578 2611 735 2671 intricaret
749 2609 838 2679 diem,

125 2694 258 2764 Vestem,
276 2697 415 2765 uniones,
431 2714 551 2766 aurum,
573 2702 729 2774 argentum
744 2700 883 2764 sumeret,

126 2779 189 2841 Nec
204 2780 353 2840 inveniret
367 2779 461 2857 digito
476 2782 527 2859 qui
543 2798 574 2840 se
590 2787 741 2857 tangeret:

125 2863 247 2925 Licetne
262 2864 381 2943 paucis,
396 2864 512 2944 inquiti
540 2864 637 2925 Dicas.
668 2863 791 2934 Censeo,

126 2946 249 3019 Quidvis
262 2949 390 3018 eiiicies,
406 2949 517 3009 cultum
533 2950 558 3008 si
574 2948 757 3027 deposueris.

126 3032 245 3094 Adeone
260 3033 362 3093 videor
376 3031 432 3093 tibi
447 3050 502 3112 per
515 3051 563 3093 me
577 3031 768 3094 meliuscula?

126 3117 234 3185 Immo,
250 3119 282 3177 ni
300 3116 433 3186 dederis,
450 3117 561 3197 sponda
577 3115 706 3176 cessabit
723 3124 783 3177 tna.

126 3204 165 3263 At
179 3219 238 3262 non
254 3201 412 3266 cessabunt
427 3201 533 3270 latera,
549 3200 719 3280 respondit,
735 3210 794 3270 tna,

127 3286 166 3348 Et
180 3285 332 3364 obiurgari
346 3287 433 3347 iussit
448 3303 566 3346 serrum
581 3284 745 3364 garrulum.

127 3370 198 3432 Post
211 3370 310 3450 paullo
325 3369 470 3430 armillam
485 3370 563 3431 tollit
576 3371 626 3431 sur
640 3378 822 3448 argenteam.

128 3453 221 3524 Onam
236 3472 296 3515 non
311 3471 454 3533 apparere
470 3462 515 3515 est
529 3461 562 3515 ni
577 3455 690 3516 dictum
704 3455 835 3524 mulieri,
