2438 3824
211 176 256 244 64
384 182 547 241 monum
566 183 792 240 FABVLARVM
812 181 1005 239 APPENDIX.

212 333 282 396 Arte
297 334 377 395 omni
393 334 536 415 princeps
550 335 630 395 inter
645 333 784 413 aequales
798 334 852 395 lui.

211 416 257 479 nn
272 417 394 479 cuncta!
415 417 520 480 levitas
534 420 631 498 putris
646 425 676 480 et
690 418 781 479 volito
797 417 887 480 cinis!

213 501 258 562 Tu
272 504 323 583 qui
339 503 423 564 luisti
438 502 535 564 mulus
550 502 732 573 clitellarius,

212 585 436 667 Quemcumque
448 589 544 648 visum
559 596 605 649 esi
619 587 712 648 laedis
725 588 817 649 inlixo
832 586 945 651 aculeo.

212 673 250 732 nt
263 689 353 752 vespa
369 672 488 750 dignam
502 671 637 735 moribus
652 690 752 733 vocem
768 671 878 732 edidit:

212 754 278 818 Non
292 757 344 836 qui
359 756 521 828 fuerimus,
537 757 656 837 sedqui
671 775 750 819 nunc
764 757 870 827 simus,
887 755 965 818 vide.

542 944 733 1005 FABVLA
754 943 846 1004 m

372 1049 703 1104 conbanem
726 1050 787 1102 Μ
804 1047 1014 1102 mvndo.

413 1147 512 1203 Pravis
528 1163 585 1202 non
602 1165 662 1204 esse
679 1148 764 1202 fidem
781 1147 979 1202 adhibendam.

255 1255 338 1325 Avis,
354 1274 442 1337 quam
457 1254 561 1317 dicunt
574 1255 773 1316 terraneolam
788 1255 902 1324 rustici,

213 1338 247 1400 lu
261 1347 342 1400 terra
358 1340 460 1401 nidum
476 1342 545 1420 quia
564 1341 704 1419 conponit
718 1339 842 1410 scilicet,

214 1423 304 1486 Forte
319 1426 489 1485 occucurrit
503 1423 648 1504 inprobae
664 1422 856 1505 vulpeculae;

213 1506 275 1578 Qua
291 1510 367 1579 visa,
384 1511 492 1588 permis
505 1510 643 1570 aliiusse
658 1509 787 1569 sustulit.

214 1592 313 1664 Salve,
330 1595 429 1674 inquit
444 1591 508 1664 illa,
525 1612 580 1655 cur
595 1611 642 1654 me
656 1594 776 1671 fugisti,
792 1590 935 1654 obsecro?

213 1675 304 1748 Quasi
319 1696 377 1738 nou
393 1676 509 1739 abunde
525 1681 564 1740 sit
579 1677 653 1738 mibi
668 1679 699 1738 in
714 1686 800 1756 prato
815 1676 911 1747 cibus,

214 1761 317 1832 Grilli,
333 1761 501 1834 scarabaei,
517 1763 698 1824 locustarum
713 1764 812 1841 copia:

213 1845 295 1907 Nihil
311 1853 370 1916 est,
386 1847 464 1926 quod
480 1854 609 1918 metuas,
626 1865 681 1926 ego
695 1853 725 1907 te
741 1845 866 1907 multum
881 1844 974 1922 diligo

213 1930 341 2010 Propter
355 1933 474 2010 quietos
489 1950 587 1993 mores
603 1940 633 1993 et
648 1934 737 1992 vitam
753 1930 888 2012 probam.

214 2013 378 2095 Respondit
393 2022 510 2077 contra:
541 2015 585 2077 'l'u
601 2017 721 2096 quidem
738 2015 815 2088 bane¹
829 2013 998 2094 praedicas;

213 2098 247 2159 ln
263 2117 367 2179 campo
382 2118 441 2159 nou
458 2117 539 2171 sum,
555 2101 607 2161 sed
623 2100 679 2161 sub
694 2100 759 2170 dio,
775 2119 830 2179 par
845 2098 911 2161 tibi.

213 2181 292 2254 Quin
306 2201 448 2264 sequere,
464 2183 520 2244 tibi
535 2185 660 2245 salutem
676 2186 830 2245 committo
844 2201 951 2244 meam.

524 2366 864 2421 EPILOGVS.

257 2477 320 2538 Hoc
334 2477 550 2558 qualecumque
565 2477 707 2540 escilusa
722 2478 799 2558 quod
815 2477 891 2539 ludit
906 2495 981 2549 mea,

215 2560 353 2642 Nequitia
368 2564 483 2642 pariter
497 2562 597 2623 laudat
612 2563 821 2640 etlrugalitas,

215 2645 275 2708 Sed
288 2646 362 2707 baec
376 2645 570 2725 simpliciter;
581 2645 635 2708 'illa
650 2649 740 2708 tacite
755 2648 905 2708 irascitur.
