2438 3824
124 155 187 203 VIII
318 143 367 199 DE
380 144 543 200 PHAEDRI
557 143 644 199 VITA
657 143 705 199 ET
723 141 890 198 SORIPTIS.

122 296 153 354 in
168 295 214 356 eis
228 311 304 375 quae
322 294 478 356 codicibus
492 293 656 356 Pithoeano
669 294 870 374 Remensiqne
886 298 917 353 et
930 290 1083 352 Perottino

121 387 277 440 servantur
297 379 379 457 leges
393 381 536 441 metricae
551 379 588 441 ab
604 389 724 441 auctore
739 397 854 440 summa
869 394 936 438 cum
952 375 1083 438 sollertia

122 461 295 526 obseriatae
310 464 397 545 plene
414 466 600 545 optinerent,
623 482 697 545 quas
712 463 782 524 ilico
796 464 856 524 iarn
870 477 1082 542 proponemus.

508 566 694 628 Breviarium

414 652 557 712 metricae
575 653 649 712 artis
668 649 796 711 Phaedri

251 729 302 816 [ex
321 734 392 797 libri
413 735 450 797 de
470 753 504 823 re
525 737 650 798 metrica
671 734 812 815 opusculo
832 729 955 813 primo].

184 835 338 898 Phaedrus
358 845 390 897 ut
411 839 536 917 inpuros
555 839 722 905 trimetros,
742 854 803 897 non
823 836 939 915 eosqui
954 834 1082 911 tragico·

122 939 188 982 rum
203 921 335 1000 Augusto
349 922 517 1002 aequalium
533 921 698 1001 Catullique
719 938 752 981 ac
768 919 903 982 Bibaculi
922 925 953 980 et
966 917 1083 979 Horatii

122 1024 178 1066 usu
193 1003 424 1077 increbuerunt,
448 1007 531 1086 operi
552 1005 723 1076 adhiberet,
751 1007 933 1066 comicorum
949 1012 1083 1064 veterum

122 1091 267 1153 adductus
288 1107 353 1152 esse
373 1098 471 1170 potest
486 1091 580 1152 videri
596 1088 743 1190 exemplo.
780 1090 817 1150 lli
832 1091 913 1151 enim
926 1121 970 1135 -
984 1105 1082 1166 gram·

122 1177 298 1236 maticorum
318 1174 493 1237 Latinorum
516 1175 634 1257 placitis
655 1177 680 1236 si
703 1175 863 1236 credis—
889 1181 923 1234 ut
944 1190 1020 1253 quae
1042 1171 1082 1231 lo·

122 1268 255 1338 quuntur
275 1268 392 1338 sumpta
413 1259 449 1320 de
470 1262 529 1321 vita
550 1268 637 1339 putes
659 1258 764 1321 vitiant
786 1257 918 1320 iambum
938 1255 1083 1319 tractibus

122 1344 301 1424 spondiacis.
330 1343 508 1425 Plerumque
524 1352 623 1406 tamen
639 1344 744 1405 dubito
760 1362 797 1404 an
813 1344 881 1423 Syri
899 1345 1000 1423 potius
1015 1359 1082 1401 sen-

121 1430 282 1489 tentiarum
303 1435 456 1508 quactum
470 1431 598 1490 maxime
621 1432 719 1490 inore
741 1436 827 1489 erant
841 1429 1007 1497 hominum,
1031 1443 1082 1486 au·

122 1515 258 1573 ctoritate
279 1512 429 1593 inpulsum
445 1513 573 1574 eundem
589 1521 706 1594 putem,
723 1519 757 1575 ut
771 1513 868 1574 simile
883 1529 978 1590 genus
992 1510 1083 1572 metri

122 1599 153 1657 in
174 1599 298 1658 materia
320 1596 398 1658 baud
422 1599 463 1658 ita
488 1598 605 1660 diversa
629 1598 795 1660 adhiberet.
843 1597 901 1658 Sed
922 1605 1082 1675 utcumque

122 1700 171 1743 res
185 1681 291 1751 babet,
315 1699 419 1760 magna
435 1688 517 1743 certe
533 1701 600 1745 curn
621 1702 692 1744 cura
713 1681 851 1762 expolitis
866 1683 960 1743 utitur
974 1679 1084 1743 iambis

122 1766 203 1827 idem
223 1773 253 1828 et
273 1768 326 1845 qui
346 1785 363 1828 a
381 1765 478 1827 Plauti
499 1775 529 1829 et
545 1767 680 1829 Terentii
703 1768 822 1847 placitis
842 1767 1003 1846 plurimum
1025 1765 1083 1825 dil·

123 1852 232 1912 lerant.
277 1850 351 1912 Nam
374 1859 403 1911 et
423 1851 480 1912 hoc
494 1854 606 1913 acriter
628 1855 745 1928 vitavit,
772 1870 809 1912 ne
831 1869 935 1912 versus
956 1851 1082 1912 nimium

122 1941 318 2014 gravarentur
333 1931 425 1996 onere
440 1935 654 2015 spondeorum‚
678 1955 753 2015 quos
767 1936 875 1998 iambis
890 1935 1015 2016 aliisque
1029 1952 1083 2014 pe·

123 2019 211 2081 dibus
236 2020 435 2100 frequentatis
461 2021 625 2100 prudenter
649 2023 843 2100 temperavit,
880 2028 910 2083 et
935 2023 1082 2098 insignem

123 2107 203 2166 circa
224 2103 379 2165 solvendas
399 2106 476 2166 arsis
490 2106 538 2167 vel
554 2106 647 2167 thesis
661 2123 716 2165 nec
732 2107 831 2167 minus
846 2107 927 2166 circa
942 2106 1084 2167 elisiones

123 2196 154 2250 et
168 2190 319 2267 synizescs
334 2187 471 2249 adhibuit
486 2188 681 2268 diligentiam.

186 2272 288 2354 ltaque
309 2291 365 2353 per
384 2291 488 2334 omnes
508 2282 608 2354 partes
623 2275 711 2335 metri
733 2281 854 2354 excepta
874 2273 976 2335 ultima
995 2291 1083 2353 spon·

123 2357 190 2419 deis
209 2365 240 2419 et
260 2357 369 2419 iambis
384 2360 573 2438 promiscuus
594 2377 665 2419 usus
687 2358 784 2428 adest,
807 2377 842 2420 ea
857 2365 955 2420 tamen
971 2359 1036 2437 lege
1051 2365 1085 2418 ut

123 2443 227 2523 quinto
242 2442 317 2520 pede
333 2444 432 2520 potior
447 2444 486 2504 sit
501 2442 661 2523 spondeus.
705 2442 818 2504 Tamen
838 2450 869 2504 et
888 2443 932 2505 ibi
953 2443 1083 2505 admitti·

122 2535 173 2587 tur
187 2526 305 2587 iambus
319 2529 344 2587 si
360 2529 539 2589 terminetur
559 2546 663 2589 versus
687 2525 828 2589 vocabulo
842 2528 909 2608 plus
926 2547 1014 2608 quam
1030 2528 1084 2588 tri·

123 2609 234 2690 syllabo
248 2610 329 2672 velut
341 2613 383 2672 ita

325 2713 415 2757 ranae
431 2703 570 2774 vagantes
584 2695 690 2757 liberis
704 2695 872 2776 paludibus.

123 2796 157 2856 ln
172 2796 248 2857 banc
263 2797 352 2858 etiam
366 2797 517 2859 licentiam
532 2814 707 2859 concessere
721 2816 836 2867 versus,
852 2800 883 2859 in
899 2796 1009 2879 quibus
1024 2817 1085 2860 am·

124 2879 307 2961 pbibrachus
326 2881 373 2942 vel
394 2883 521 2944 creticus
541 2900 608 2942 eum
629 2881 829 2962 monosyllabo
850 2883 1023 2962 insequente
1039 2884 1085 2944 vel

123 2965 321 3045 praecedente
336 2965 528 3028 coalescunt
519 2984 551 3027 rn
567 2985 675 3027 unum:

251 3050 315 3121 odi,
337 3052 451 3132 inquit,
467 3051 552 3114 illum
567 3054 638 3129 quia
652 3050 738 3111 malis
753 3051 867 3111 amicus
880 3057 935 3111 est

251 3135 368 3215 trepide
383 3153 564 3197 concursans
579 3135 746 3214 occupata
738 3152 768 3196 m
783 3136 853 3195 otio.

124 3234 216 3297 Recte
233 3237 322 3296 etiam
337 3238 369 3298 in
384 3238 442 3297 dne
463 3236 617 3317 copulatur
633 3235 791 3297 trochaeus
806 3255 873 3298 cum
889 3238 1015 3299 cretico:

251 3323 334 3382 canis
347 3323 519 3401 parturiens
533 3340 601 3383 cum
616 3327 750 3400 rogasset
764 3320 897 3383 alteram.
913 3350 916 3360 =

125 3420 183 3482 Sed
198 3423 322 3483 minime
337 3422 408 3483 licet
422 3424 559 3502 quintum
575 3422 680 3504 pedem
696 3423 842 3485 contineri
857 3421 949 3484 verbo
964 3425 996 3484 in
1010 3426 1084 3487 iam·
