2438 3824
512 183 618 239 LIBER
640 183 685 239 IV.

451 376 615 437 FABVLA
635 376 743 437 XXIV.

348 483 567 535 Polemon
592 483 651 535 ET
676 483 846 536 MVSOA.

149 576 243 656 [Nihil
257 604 345 665 agere
361 587 440 668 quod
456 605 514 648 non
529 588 639 666 prosit,
657 586 763 648 labella
779 586 943 666 admonet]

161 672 299 733 Formica
315 678 345 732 et
360 689 460 732 musca
475 671 692 732 contendebant
708 673 826 742 acriter,

119 756 199 828 Quae
213 756 309 836 pluris
322 763 410 816 esset.
440 756 540 817 Musca
555 758 599 816 sic
613 759 710 835 coepit
725 758 822 835 prior:

121 843 263 904 Conferre
280 843 390 902 nostris
404 849 437 902 tu
451 848 536 920 potes
549 847 579 901 te
595 839 749 902 laudibus?

120 926 174 987 Vbi
191 925 363 994 inmolatur,
380 932 446 986 exta
461 932 620 1004 praegusto
636 926 738 997 deum;

119 1011 218 1072 Moror
233 1013 406 1079 intereras,
424 1008 531 1089 templa
545 1009 693 1089 perlustro
708 1012 814 1071 omnia.

118 1095 151 1156 ln
167 1097 264 1175 capite
279 1097 359 1172 regis
373 1094 478 1164 sedeo,
495 1112 561 1154 eum
577 1096 672 1156 visum
688 1101 734 1155 est
747 1096 830 1165 mihi,

58 1241 63 1248 ,
119 1180 157 1241 Et
171 1187 372 1240 matronarum
387 1185 466 1239 casta
482 1177 581 1239 delibo
596 1178 705 1240 oscula.
756 1203 759 1209 ¹

119 1263 235 1325 Laboro
251 1262 340 1334 nihil,
357 1270 444 1342 atque
459 1265 580 1341 optimis
595 1262 686 1325 rebus
700 1265 792 1325 lruor.

67 1404 70 1409 .
119 1346 196 1418 Quid
212 1348 318 1408 horum
333 1346 428 1407 simile
443 1345 500 1408 tibi
515 1349 675 1426 contingit,
692 1348 822 1410 rustica?

119 1431 172 1493 Est
187 1432 419 1517 gloriosnssane
434 1433 586 1492 convietus
601 1432 698 1503 deum,

121 1516 178 1578 Sed
194 1516 252 1586 illi,
268 1518 320 1596 qul
335 1517 489 1586 invitatur,
506 1535 563 1577 non
578 1518 629 1597 qui
644 1519 757 1580 invisus
773 1526 826 1580 est.

119 1602 193 1662 bras
207 1602 392 1680 frequentas:
414 1618 521 1680 nempe
536 1599 679 1680 abigens,
695 1623 783 1682 quom
798 1606 892 1665 venis.

119 1685 215 1763 Reges
230 1703 433 1746 conmemoras
447 1692 476 1746 et
491 1693 692 1748 matronarum
706 1687 822 1758 oscula;

121 1770 217 1848 Super
231 1772 321 1830 etiam
336 1771 443 1840 iactas,
459 1776 560 1848 tegere
575 1771 654 1850 quod
669 1770 758 1832 debet
772 1773 878 1852 pudor.

120 1853 200 1915 Nihil
216 1854 347 1915 laboras:
370 1855 437 1914 ideo
452 1872 520 1914 cum
536 1873 609 1934 opus
624 1863 682 1924 est,
699 1856 741 1916 nil
758 1855 857 1917 babes.

119 1938 181 2016 Ego
196 1957 321 2017 granum
336 1940 368 1999 in
383 1938 512 1998 hiemem
528 1957 595 1999 cum
610 1939 741 2001 studiose
756 1958 895 2018 congero,

120 2023 161 2084 'l'e
177 2026 256 2084 circa
271 2042 389 2084 murum
404 2024 485 2102 pasci
501 2024 586 2083 video
601 2031 742 2085 stercore.

120 2109 238 2169 Aestate
254 2126 300 2168 me
317 2107 451 2176 lacessis3
467 2125 534 2167 cum
550 2106 654 2169 bruma
670 2116 730 2179 est,
747 2110 826 2171 siles.

118 2192 193 2252 Mori
208 2199 389 2253 contractam
404 2209 472 2251 enm
487 2197 516 2251 te
532 2201 640 2270 cogunt
655 2194 775 2271 frigora,

118 2276 164 2336 Me
179 2279 298 2356 copiosa
313 2277 421 2354 recipit
435 2276 612 2337 incolumem
627 2277 742 2339 domus.

120 2359 198 2420 Satis
213 2360 347 2439 prolecto
360 2360 471 2420 rettudi
486 2360 665 2440 superbiam.

161 2443 281 2504 Fabella
296 2443 363 2505 talis
378 2445 527 2505 hominum
543 2445 685 2507 discernit
699 2455 784 2508 notas

102 2525 243 2597 Eorum,
259 2531 311 2607 qni
327 2546 358 2588 se
375 2528 457 2589 lalsis
471 2537 577 2590 ornant
592 2530 740 2600 laudibus,

119 2609 156 2671 Et
169 2628 296 2691 quorum
311 2613 405 2673 virtus
420 2612 541 2673 exhibet
556 2614 682 2675 solidum
697 2616 795 2676 decus

448 2766 635 2860 FAanA
657 2767 749 2827 XXV.

523 2864 674 2918 POETA.

159 2949 306 3021 Quantum
321 2950 454 3013 valerent
468 2952 548 3011 inter
562 2951 696 3014 homines
710 2953 837 3023 litterae,

118 3034 184 3095 Dixi
200 3036 352 3115 superins:
375 3042 501 3114 quantus
516 3053 594 3095 nunc
609 3036 669 3097 illis
683 3037 775 3097 honos

118 3121 142 3179 d
156 3122 273 3197 superis
288 3120 327 3179 sit
341 3118 484 3190 tributus,
501 3120 616 3180 tradam
632 3122 801 3182 memoriae.

161 3202 330 3263 Simonides
344 3203 423 3263 idem
438 3204 503 3274 ille,
520 3204 556 3265 de
571 3223 630 3284 quo
644 3204 755 3273 rettuli,

119 3287 232 3346 Victori
247 3286 363 3347 laudem
378 3288 491 3348 cuidam
507 3296 609 3368 pyctae
625 3296 657 3349 ut
671 3288 827 3359 scriberet,
1056 3295 1075 3348 5

119 3369 208 3431 Certo
223 3369 386 3430 conductus
401 3375 497 3450 pretio
512 3379 659 3432 secretum
674 3377 757 3450 petit.

118 3453 232 3533 Exigua
247 3470 313 3513 cum
328 3454 460 3515 frenaret
474 3458 597 3517 materia
612 3458 753 3536 inpetum,
