2438 3824
513 182 621 238 LIBER
640 182 687 239 IV.

121 335 217 412 Aegro
232 335 346 413 recepti
361 340 461 395 tamen
476 338 631 393 evaserunt
646 349 760 394 necem.

121 418 218 480 Duces
232 437 349 488 eorum,
370 420 422 498 qui
437 415 586 496 capitibus
600 434 710 477 cornua

122 502 191 564 Suis
204 502 346 581 ligarent,
363 510 396 563 ut
410 503 603 580 conspicuum
618 503 648 562 iu
664 499 778 581 proelio

121 587 272 648 Haberent
287 589 417 665 signum,
433 585 511 666 quod
527 593 724 665 sequerentur
738 584 857 655 milites,

120 671 250 733 Haesere
266 673 297 731 iu
313 673 408 751 portis
422 677 549 750 suntque
565 671 644 750 capti
660 669 697 730 ab
713 669 864 741 hostibus:

120 754 199 827 Quos
213 754 368 817 inmolatos
383 757 478 816 victor
493 754 587 816 avidis
601 752 741 815 dentibus

121 841 243 920 Capacis
258 841 314 901 alvi
329 841 434 900 mersit
448 846 580 900 tartareo
595 857 696 919 specu.

161 923 383 1003 Quemcumque
398 923 539 1004 populum
554 925 649 984 tristis
663 931 786 984 eventus
799 925 920 1002 premit,

119 1008 308 1071 Periclitatur
323 1009 494 1087 magnitudo
509 1010 694 1088 principum:

120 1094 230 1156 Minuta
245 1093 350 1173 plebes
364 1093 445 1154 facili
459 1092 609 1173 praesidio
623 1092 706 1154 latet.

456 1279 737 1340 FABVLAVH.

418 1394 780 1449 PHAmDRVS.

162 1516 223 1585 Tu,
238 1517 304 1598 qui,
321 1521 439 1586 nasute,
456 1517 566 1596 scripta
582 1515 743 1593 destringis
757 1532 824 1577 mea

120 1600 158 1662 Et
172 1601 227 1661 hoc
242 1602 373 1661 iocorum
390 1600 488 1678 legere
503 1600 620 1661 fastidis
634 1617 736 1678 genus,

120 1685 213 1747 Parva
227 1683 359 1746 libellum
374 1687 487 1746 sustine
502 1687 655 1765 patientia,

120 1769 315 1831 Severitatem
330 1770 438 1832 frontis
452 1769 522 1830 durn
538 1769 621 1850 placo
636 1777 703 1830 tuae

119 1855 155 1917 Et
170 1856 201 1915 iu
216 1855 370 1917 cothurnis
383 1854 483 1934 prodit
498 1857 629 1933 Aesopus
643 1856 736 1914 novis.

160 1937 277 2000 Vtinam
292 1957 347 2000 nec
361 1956 501 2018 umquam
517 1938 590 1998 Pelii
607 1939 737 1998 nemoris
751 1939 820 2016 iugo

119 2024 211 2084 Pinus
226 2022 342 2104 bipinni
365 2024 543 2083 concidisset
559 2022 712 2084 Thessala!

119 2108 180 2170 Nec
194 2108 230 2169 ad
246 2109 395 2188 professae
411 2109 516 2168 mortis
530 2107 670 2168 audacem
686 2110 762 2168 viam

119 2191 307 2254 Fabricasset
321 2193 417 2270 Argus
431 2210 520 2272 opere
535 2192 666 2252 Palladio
681 2200 783 2262 ratem,

119 2275 308 2357 inhospitalis
321 2279 418 2357 prima
434 2295 510 2358 quae
525 2280 608 2356 ponti
623 2279 706 2339 siuus

118 2361 263 2422 Patefecit
276 2365 307 2423 in
322 2363 485 2441 perniciem
500 2360 622 2423 Graium
637 2369 668 2422 et
683 2360 856 2424 barbarum!

118 2444 252 2524 Namque
267 2451 297 2506 et
311 2445 432 2525 superbi
448 2445 528 2523 luget
542 2446 649 2507 Aeetae
665 2448 778 2516 domus,

119 2529 156 2590 Et
170 2547 261 2607 regna
276 2530 373 2590 Peliae
389 2530 501 2590 scelere
516 2530 635 2590 Medeae
650 2533 756 2600 iacent,

118 2611 199 2684 Quae
214 2632 331 2675 saevum
347 2616 499 2692 ingenium
514 2617 605 2675 variis
618 2616 769 2676 involvens
782 2616 879 2678 modis

118 2698 181 2760 lllic
195 2717 250 2779 per
264 2706 348 2760 artus
362 2699 465 2759 fratris
480 2699 621 2779 explicuit
636 2701 744 2777 lugam,

118 2783 173 2845 Hic
188 2784 278 2844 caede
294 2785 388 2863 patris
403 2782 555 2845 Peliadum
570 2784 674 2844 iniecit
689 2803 802 2845 manus.

159 2867 236 2940 Quid
251 2867 307 2929 tibi
323 2868 459 2930 videtur?
488 2868 550 2928 Hoc
565 2887 681 2948 quoque
696 2869 840 2930 insulsum
856 2876 914 2941 est,
932 2873 985 2941 ais,

117 2953 261 3035 Falsoque
277 2953 403 3022 dictum;
419 2953 504 3031 longe
520 2955 588 3033 quia
603 2955 748 3015 vetustior

118 3041 232 3116 Aegaea
247 3037 343 3099 Minos
357 3037 449 3098 classe
465 3038 635 3117 perdomuit
649 3039 726 3099 freta

119 3120 255 3202 iustoque
272 3122 431 3184 vindicavit
446 3123 580 3202 exemplo
596 3124 737 3203 inpetum.

118 3203 195 3276 Quid
210 3223 282 3284 ergo
297 3225 416 3285 possum
431 3208 529 3268 iacere
545 3206 615 3276 tibi,
632 3208 725 3268 lector
740 3208 821 3278 Cato,

118 3289 150 3350 Si
164 3308 220 3351 nec
235 3288 360 3351 fabellae
375 3296 404 3351 te
420 3293 522 3352 iuvant
536 3310 590 3352 uec
605 3291 738 3353 fabulae!

117 3373 183 3435 Noli
199 3373 342 3434 molestus
355 3391 420 3435 essa
435 3378 555 3436 omnino
570 3376 687 3445 litteris,

117 3458 258 3520 Maiorem
272 3456 432 3520 exhibeant
445 3478 482 3520 ne
498 3458 553 3520 tibi
568 3461 742 3522 molestiam.

838 3559 889 3622 Q*
