2438 3824
210 897 275 972 Du
301 895 515 970 PHAEDRI
540 894 656 969 VITA
680 894 742 969 ΕΤ
769 893 985 970 SCRIPTIS.

182 1100 205 1163 l.
240 1100 393 1163 Phaedrus
413 1101 538 1180 Augusti
565 1099 691 1162 libertus
709 1134 753 1148 —
772 1119 832 1162 non
859 1102 931 1162 satis
959 1107 1083 1170 constat,

121 1188 186 1249 cius
205 1188 257 1267 qui
279 1188 395 1266 primus
416 1185 473 1246 hoc
499 1204 608 1247 nomen
635 1187 750 1266 accepit
770 1204 807 1246 au
829 1184 1083 1248 successoris-Ti·

121 1270 256 1332 herii-
272 1278 358 1331 natus
379 1277 439 1340 est,
462 1271 610 1331 incertum
631 1288 689 1350 quo
706 1288 797 1339 anno,
820 1271 851 1331 in
869 1276 967 1331 monte
983 1269 1084 1331 Pierio

121 1354 199 1436 apud
224 1354 409 1415 Macedonas.
458 1354 540 1416 Idem
570 1363 672 1416 tenera
701 1354 798 1416 adhuc
824 1362 919 1416 aetate
946 1356 977 1415 in
1004 1357 1083 1416 occi-

121 1439 240 1502 dentem
254 1439 452 1501 videturesse
468 1439 596 1509 delatus,
615 1445 648 1500 ut
666 1441 718 1520 qui
733 1441 798 1519 ipse
814 1448 942 1509 asserat,
952 1457 1084 1516 puerum

121 1543 152 1586 se
179 1523 288 1603 legisse
319 1524 349 1585 in
372 1523 472 1585 schola
496 1523 574 1585 Enni
603 1524 750 1604 quendam
777 1542 912 1596 versum,
940 1526 1001 1585 sive
1026 1525 1085 1585 Ro·

122 1627 186 1672 mae
213 1609 243 1670 id
271 1609 329 1671 luit
355 1610 416 1670 sive
444 1611 543 1690 potius
570 1608 653 1670 alibi.
697 1608 807 1669 Romae
835 1611 914 1670 enim
941 1609 1019 1670 haud
1043 1611 1084 1670 ita

119 1694 248 1757 multum
264 1701 333 1775 post
346 1693 471 1772 Vergilii
492 1701 522 1755 et
538 1693 655 1754 Horatii
676 1692 776 1754 obitus
797 1692 943 1755 sublatam
964 1696 1084 1756 omnino

119 1798 136 1841 e
152 1779 231 1842 ludis
247 1782 436 1860 antiquorum
451 1780 624 1840 memoriam
641 1778 783 1838 docemur
798 1780 842 1839 eis
856 1797 931 1858 quae
948 1778 984 1838 de
1000 1777 1084 1840 Vale·

119 1866 165 1926 rio
190 1863 304 1934 Probo,
331 1863 461 1925 Phaedri
487 1863 619 1943 aequali,
652 1862 744 1923 tradit
771 1861 931 1924 Suetonius
958 1861 1015 1944 [de
1042 1863 1083 1924 ill.

119 1967 242 2029 gramm.
258 1946 325 2030 24].
370 1947 509 2010 Ceterum
530 1946 583 2009 ubi
604 1949 635 2008 in
650 1947 793 2009 familiam
815 1947 974 2010 Caesarum
989 1957 1084 2008 trans·

119 2037 169 2105 iit,
197 2042 228 2096 ct
254 2033 423 2096 liberalium
449 2034 558 2094 artium
584 2032 683 2094 studio
710 2040 740 2093 et
765 2030 941 2094 dexteritate
969 2051 1084 2094 morum

120 2119 218 2182 effecit
232 2127 266 2181 ut
280 2118 418 2181 libertate
438 2118 609 2180 donaretur.
622 2141 628 2149 ·

184 2204 245 2266 lam
266 2211 411 2282 regnante
427 2201 552 2264 Tiberio
572 2220 639 2263 cum
662 2201 733 2263 bina
753 2201 921 2264 fabularum
937 2202 1085 2264 volumina

120 2290 282 2358 emisisset,
303 2287 404 2350 Seiani
425 2287 529 2349 lraude
552 2293 598 2348 est
618 2288 847 2348 circumventus.
892 2285 985 2348 Erant
1004 2289 1084 2348 enim

120 2373 152 2433 in
178 2373 222 2433 eis
241 2390 317 2453 quae
338 2392 355 2434 a
377 2374 496 2433 civitate
518 2373 666 2433 serviente
689 2378 719 2432 et
741 2380 848 2433 cuncta
863 2371 1022 2450 malignius
1038 2374 1084 2433 in-

120 2464 304 2537 terpretante
325 2456 403 2518 haud
425 2455 611 2517 incommode
634 2462 756 2537 possent
776 2456 855 2517 ilecti
877 2457 909 2517 iu
926 2455 979 2517 hos
993 2458 1083 2537 ipsos,

119 2549 153 2602 ut
172 2549 244 2621 puta
266 2559 342 2621 quae
364 2541 400 2602 de
422 2543 505 2602 ranis
526 2558 628 2619 regem
650 2539 821 2620 petentibus
844 2541 890 2602 vel
911 2541 948 2602 de
963 2542 1085 2620 graculo

120 2624 314 2707 superbiente
336 2633 523 2705 prompserat
538 2627 680 2705 scriptor,
702 2644 740 2686 ue
757 2625 814 2686 alia
829 2625 987 2706 pleraque,
1009 2646 1084 2707 quae

120 2712 266 2792 pravitate
297 2712 497 2772 conscientiae
528 2718 578 2771 aut
607 2710 777 2790 suspicandi
808 2713 975 2772 temeritate
1006 2710 1084 2772 trahi

117 2804 243 2877 potuere
259 2797 290 2856 in
306 2797 436 2866 crimen,
454 2814 532 2856 nunc
548 2803 711 2873 tangamus.
756 2793 840 2866 Quod
855 2814 923 2857 eum
938 2797 979 2856 ita
995 2804 1084 2865 esset,

118 2882 266 2944 aSeiano
292 2879 337 2942 vel
367 2879 529 2941 clientibus
549 2882 645 2960 ipsius
667 2881 831 2941 maiestatis
859 2891 904 2942 est
930 2889 1086 2942 accusatus

119 2966 333 3046 damnatusque
354 2964 431 3027 liaud
453 2964 559 3034 dubie,
587 2966 643 3025 etsi
671 2965 707 3025 de
728 2982 823 3044 poena
849 2966 914 3026 cius
934 2983 992 3025 non
1013 2966 1086 3026 satis

119 3058 245 3113 constet.
290 3049 394 3131 Neque
417 3067 489 3110 vero
509 3050 669 3111 interiecto
685 3049 793 3110 Seiano
807 3051 997 3110 inimicorum
1017 3050 1085 3110 odio

119 3143 150 3196 et
168 3136 365 3198 insectatione
388 3136 485 3195 caruit
505 3135 600 3204 idem,
623 3132 732 3214 quibus
752 3133 913 3196 obnoxium
929 3153 960 3195 se
976 3134 1085 3195 identi-

119 3218 186 3282 dem
207 3221 319 3281 latetur
339 3217 418 3280 libro
433 3221 533 3280 tertio.
571 3219 656 3279 Hunc
672 3237 739 3279 cum
754 3218 892 3279 leniendo
906 3217 999 3279 dolori
1015 3237 1085 3280 con·

119 3305 285 3382 posuisset,
308 3303 442 3383 Eutycho
466 3303 583 3364 cuidam
605 3304 759 3380 inscripsit
779 3302 888 3363 liberto
903 3303 934 3364 C.
951 3302 1085 3365 Caesaris

120 3387 166 3448 vol
189 3387 303 3450 Claudii
324 3406 413 3471 quem
441 3387 527 3450 simul
550 3394 582 3448 ut
603 3404 634 3446 se
655 3386 828 3450 vindieuret
843 3405 867 3444 a
879 3386 1096 3464 persumme·
