2438 3824
511 161 619 218 LIBER
638 162 687 220 IV.

161 309 218 382 Qua
232 311 330 371 facere
345 327 421 389 quae
436 329 495 372 non
511 318 634 391 possunt
648 312 749 374 verbis
765 312 889 383 elevant,

119 394 298 458 Adscribere
314 395 370 455 boc
385 393 536 458 debebunt
550 396 718 477 exemplum
733 396 800 458 sibi.

465 547 660 609 FABVLA
680 547 734 609 IV.

389 646 549 706 uvis
575 646 634 698 ΕΤ
660 648 799 701 APuR.

160 732 261 812 Equus
276 730 381 792 sedare
397 732 500 793 solitus
514 750 573 812 quo
588 733 686 792 fuerat
700 735 791 803 sitim,

117 817 193 879 Dum
209 835 274 878 sese
289 835 361 896 aper
376 816 502 885 volutat,
518 815 647 879 turbavit
662 817 776 879 vadum.

94 926 97 933 ·
117 902 194 963 Hinc
209 910 273 962 orta
289 901 327 962 fis
341 909 397 961 est.
428 899 553 980 Sonipes
569 903 662 961 iratus
678 902 742 963 fero

117 987 265 1048 Auxilium
282 987 367 1064 petiit
382 985 527 1055 bominis,
544 1003 631 1064 quem
647 986 735 1047 dorso
748 986 850 1048 levans

116 1071 204 1133 Redit
219 1071 254 1131 ad
271 1070 394 1131 hostem.
425 1068 515 1130 lactis
529 1069 607 1132 bunc
621 1070 691 1131 telis
706 1089 797 1151 eques

116 1156 274 1236 Postquam
289 1154 454 1222 interfecit,
471 1155 515 1214 sic
529 1153 645 1215 locutus
660 1155 803 1217 traditur:

117 1240 223 1301 Laetor
238 1238 341 1301 tulisse
357 1238 498 1300 auxilium
514 1256 560 1298 me
576 1239 715 1317 precibus
730 1243 805 1311 tuis;

117 1323 190 1385 Nam
206 1323 346 1403 praedam
361 1324 427 1402 cepi
443 1330 473 1383 et
488 1323 594 1392 didici,
611 1342 698 1402 quam
713 1326 754 1385 sis
769 1324 867 1396 utilisr

117 1409 212 1487 Atque
229 1410 269 1468 ita
285 1409 383 1485 coegit
397 1408 497 1468 frenos
511 1409 634 1467 invitum
650 1411 721 1488 pati.

118 1491 194 1553 Tum
209 1500 336 1553 maestus
352 1492 418 1552 ilie:
449 1491 560 1552 Parvae
576 1493 734 1554 vindictam
750 1495 795 1554 rei

118 1573 193 1636 Dum
209 1593 320 1656 quaero
335 1576 471 1645 demens,
488 1578 661 1638 servitutem
678 1580 810 1657 repperi.

158 1661 237 1723 Haec
253 1659 412 1722 iracundos
426 1660 597 1722 admonebit
611 1661 725 1722 fabula:

116 1743 229 1826 lupune
244 1746 344 1825 potius
359 1744 437 1806 laedi
452 1759 541 1826 quam
558 1744 626 1806 dedi
642 1745 738 1807 alteri.

473 1896 664 1992 naevum
683 1897 722 1960 v.

523 1995 672 2048 PouuA.

156 2083 225 2144 Pius
240 2101 305 2144 esse
320 2086 351 2144 iu
366 2101 426 2144 uno
441 2101 529 2162 saepe
544 2101 632 2162 quam
648 2084 679 2142 iu
695 2081 782 2144 turba
799 2081 879 2156 boui,

115 2167 290 2228 Narratione
306 2169 433 2248 posteris
448 2167 561 2227 tradam
577 2165 670 2228 brevi.

158 2250 283 2323 Quidam
299 2252 446 2313 decedens
460 2258 522 2312 tres
537 2249 658 2330 refiquit
673 2252 762 2313 filias:

114 2338 205 2397 Vnam
220 2337 379 2397 formosam
395 2344 424 2397 et
439 2336 533 2396 oculis
548 2344 703 2397 venantem
718 2338 815 2408 viros;

114 2423 150 2482 nt
164 2420 287 2480 alteram
302 2421 449 2481 lanificam
463 2427 493 2480 et
507 2421 602 2497 frugi,
618 2423 776 2492 rusticam;

114 2505 253 2565 Devotam
269 2507 337 2565 vino
351 2507 471 2564 tertiam
487 2513 517 2565 et
531 2507 741 2583 turpissimam.

113 2590 225 2650 Harum
240 2597 339 2650 autem
353 2597 478 2650 matrem
492 2590 564 2649 fecit
579 2588 719 2650 heredem
736 2608 828 2651 senex

113 2672 175 2734 Sub
190 2674 380 2743 condicione,
397 2681 487 2735 totam
501 2680 535 2734 ut
549 2674 696 2735 fortunam
710 2673 808 2735 tribus

113 2758 283 2838 Aequaliter
298 2758 471 2828 distribuat,
488 2758 540 2818 sed
556 2757 608 2818 tali
624 2759 725 2819 modo:

112 2842 155 2903 Ne
171 2842 237 2904 data
253 2843 423 2923 possideant
438 2850 488 2903 aut
502 2843 655 2912 fruantur;
672 2850 749 2912 tum,
764 2843 852 2904 simui
940 2841 943 2850 '

113 2926 229 2988 Habere
244 2947 293 2990 res
309 2927 468 2996 desierint,
485 2946 559 3007 quas
572 2929 752 3006 acceperint,

113 3011 242 3072 Centena
257 3015 345 3073 matri
361 3012 515 3072 conferant
529 3014 677 3073 sestertia.

113 3094 242 3156 Athenas
256 3115 358 3158 rumor
372 3095 476 3175 inplet.
506 3095 600 3157 Mater
615 3096 718 3157 sedula

112 3178 190 3239 Iuris
204 3183 317 3258 peritos
332 3180 474 3250 consutit;
490 3198 578 3242 nemo
592 3180 722 3260 expedit,

111 3261 176 3333 Ouo
192 3271 276 3341 pacto
291 3283 348 3325 non
365 3265 551 3344 possideant,
567 3266 645 3344 quod
662 3266 752 3325 fuerit
767 3265 877 3337 datum,

111 3345 291 3408 Fructumve
307 3350 438 3427 capiant;
455 3348 562 3410 deinde
577 3368 653 3429 quae
668 3349 792 3410 tuferInt
805 3349 892 3423 nibil,

111 3429 241 3502 Quanam
258 3434 374 3493 ratione
389 3433 545 3494 conferant
558 3436 727 3512 pecuniam.

162 3545 319 3590 effluere.
855 3529 886 3592 ‘b
