2438 3824
508 144 700 240 mennon.

461 417 652 482 IABVLA
673 417 754 478 XXI.

357 535 547 588 :vincon
562 533 631 586 M
657 532 855 586 CORVVS.

259 641 360 697 Verbis
377 656 577 712 saepenumero
593 638 720 695 homines
737 638 830 708 decipi
845 637 944 694 solere.

166 753 292 826 Quidam
307 775 363 837 per
377 774 463 835 agros
480 756 599 818 devium
614 772 740 836 carpens
753 755 813 816 iter

124 842 195 901 alvu
211 842 363 902 exaudivit
377 849 407 903 et
421 847 553 902 moratos
567 841 729 921 paululum,
861 843 863 845 ’

123 926 234 987 Adesse
249 934 282 988 ut
296 926 371 987 vidit
385 928 550 996 neminem,
567 927 647 1005 cepit
660 924 794 1002 gradum.

123 1010 235 1072 lterum
249 1011 359 1072 salutat
372 1011 451 1072 idem
467 1029 503 1071 ei
518 1009 634 1071 occulto
648 1026 748 1071 sonus.

123 1093 200 1156 Voce
216 1095 356 1175 hospitali
371 1097 561 1156 confirmatus
576 1097 696 1164 restitit,

122 1179 174 1250 Vt,
191 1182 327 1260 quisquis
342 1188 436 1250 esset,
452 1197 507 1259 par
520 1179 649 1240 olfioium
666 1179 825 1258 reciperet.

123 1263 197 1325 Cum
211 1266 464 1344 circumspectans
479 1281 582 1325 errore
597 1264 743 1325 haesisset
757 1263 809 1323 dio

123 1347 161 1407 Et
175 1347 356 1428 perdidisset
369 1356 487 1428 tempus
502 1349 615 1429 ailquot
629 1347 753 1416 milium,

124 1430 261 1493 Ostendit
275 1451 340 1494 sese
356 1451 462 1494 corvus
476 1441 506 1494 et
520 1433 712 1513 supervolans

123 1516 194 1575 Ave
208 1535 302 1596 usque
316 1518 452 1595 ingessit.
482 1516 558 1578 Τιιιιι
573 1535 605 1578 se
619 1517 717 1578 lusum
733 1515 925 1594 intellegens:
1051 1521 1086 1577 Io

123 1600 161 1660 At
175 1598 251 1661 male
265 1599 320 1662 tihi
335 1604 389 1672 sit,
405 1603 514 1681 inquit,
531 1603 593 1664 ales
607 1604 747 1682 pessime,
856 1652 857 1655 ,

123 1681 180 1753 Qui
194 1684 364 1748 festinantis
376 1687 422 1748 sic
436 1686 591 1748 detinuisti
606 1687 708 1766 pedes.

448 1872 649 1933 IAanA*
660 1873 755 1933 XXII.

371 1978 538 2031 PAS‘I'OR
552 1979 608 2030 nn
627 1977 832 2032 cAPnLLA.

288 2077 338 2133 Nil
354 2076 496 2131 occultum
512 2092 585 2144 esse,
604 2076 680 2145 quod
697 2093 753 2131 non
770 2076 920 2132 reveletur.

162 2192 268 2252 Pastor
282 2192 414 2271 capellae
429 2209 523 2253 corno
538 2191 644 2253 baculo
658 2192 804 2269 fregerat:

120 2272 236 2352 Rogare
251 2278 364 2355 coepit,
380 2293 418 2336 ne
434 2294 466 2336 se
482 2277 601 2338 domino
615 2276 766 2355 proderet.

120 2355 260 2427 Quamvis
275 2359 397 2438 indigne
412 2360 505 2430 laesa,
521 2359 655 2422 reticebo
668 2368 783 2430 tamem

120 2441 179 2503 Sed
194 2460 244 2503 res
257 2442 396 2505 clamabit
409 2446 489 2525 ipsa,
505 2444 765 2525 quiddeliqueris.

440 2641 632 2708 IABVLA
652 2647 763 2708 XXIII.

358 2752 547 2806 sperone
563 2755 619 2806 nr
635 2753 844 2809 monere.

186 2850 242 2908 Ubi
257 2852 348 2909 leonis
364 2850 448 2920 pellis
465 2851 571 2918 deficit,
589 2852 735 2921 vulpinam
750 2853 924 2909 induendam
940 2868 1009 2921 cese,

252 2921 307 2976 hoc
324 2920 379 2986 est,
397 2919 447 2973 ubi
464 2918 597 2975 deficiunt
612 2920 700 2987 vires,
716 2922 780 2976 astu
797 2921 942 2975 utendum.

161 3033 291 3114 Serpens
304 3035 446 3097 lacertam
459 3035 537 3096 forte
552 3034 703 3097 adversam
719 3035 896 3115 prenderat;

118 3115 212 3186 Quam
227 3118 368 3181 devorare
384 3120 482 3200 patula
498 3137 565 3180 cum
580 3119 667 3181 vellet
681 3120 759 3197 gula,

118 3200 254 3279 Arripuit
270 3202 320 3264 illa
334 3222 426 3284 prope
438 3206 588 3265 iacentem
603 3204 764 3275 surculum,

117 3282 156 3343 Et
170 3287 316 3363 pertinaci
331 3305 432 3349 morsu
446 3294 649 3350 transversum
660 3297 775 3358 tenens,

117 3367 242 3428 Avidum
257 3368 371 3430 sollerti
387 3374 494 3433 rictum
509 3372 639 3432 frenavit
653 3390 745 3433 mora.

117 3449 263 3514 Praedam
277 3451 390 3515 dimisit
405 3473 456 3516 ore
471 3474 594 3535 serpens
609 3458 737 3519 irritem.
