2438 3824
122 155 166 224 24
401 157 562 215 Puerum
582 155 806 213 ruentum

123 314 264 392 Idemque
278 312 427 389 insignem
443 307 566 388 pulchra
581 307 656 368 laoie
672 307 774 368 lilium.

123 398 175 469 Hi,
192 396 344 477 speculum
360 397 391 457 io
407 393 547 454 cathedra
564 393 667 452 matrls
682 400 715 453 ut
731 395 859 471 positum
872 394 940 465 lull,

122 481 284 545 Pueriliter
297 480 433 542 ludentes
448 479 524 538 lorte
540 478 743 555 inspexerunt.

123 568 180 628 Hic
195 585 226 628 se
242 568 404 627 lormosum
421 564 523 624 iactat:
548 560 595 622 illa
612 563 751 623 irascitur

123 652 186 712 Nec
199 651 355 730 gloriantis
369 651 496 709 sustinet
511 648 613 709 lratris
628 648 718 712 locos.

124 738 281 815 decipiens
295 737 405 815 quippe
420 740 525 794 ruurta
541 732 572 791 ln
587 730 806 794 contumeliam.

123 821 201 899 Ergo
216 821 251 881 ad
268 828 383 901 patrem
399 816 531 878 decurrit
546 815 662 877 laesura
678 817 805 878 invicem

123 907 286 985 Magnaque
303 903 413 964 invidia
429 903 604 962 criminatur
619 901 720 970 lilium,

122 991 175 1051 Vir
190 998 277 1051 natus
292 988 369 1069 quod
386 1005 449 1048 rem
464 987 642 1047 seminarum
659 986 801 1063 tetigerit.

123 1074 282 1155 Amplexus
296 1073 343 1134 ille
359 1080 519 1152 utrumque
535 1079 564 1133 et
580 1089 706 1150 carpens
721 1070 821 1132 oscula

123 1159 303 1238 Dulcemque
320 1159 351 1219 iu
367 1157 470 1218 ambos
484 1158 639 1217 caritatem
656 1157 803 1236 partiens:

122 1242 275 1315 Ouotldie,
292 1244 404 1321 iuquit,
420 1241 541 1322 speculo
556 1260 608 1303 vos
622 1242 663 1301 uti
680 1239 758 1302 rolo:

122 1327 167 1388 Tu
183 1329 306 1389 lormam
323 1345 360 1388 ne
375 1344 550 1406 corrumpas
564 1327 714 1406 nequitiae
729 1326 832 1398 malis3

124 1411 170 1474 Tu
184 1413 291 1473 laniem
307 1418 338 1473 ul
355 1412 441 1473 istam
456 1410 590 1472 moribus
604 1413 705 1473 vincas
719 1409 815 1472 bonis.

469 1563 662 1625 FABVLA
682 1564 736 1624 IX.

363 1661 577 1716 sommus
594 1663 653 1714 An
670 1662 839 1715 moos.
862 1718 864 1721 .

164 1752 290 1831 Vulgare
306 1751 394 1812 amici
411 1768 533 1820 nomen,
549 1750 601 1810 scd
617 1767 684 1810 rara
699 1756 746 1810 est
759 1749 841 1810 lldes.

122 1838 195 1901 Cum
210 1855 316 1917 parvas
331 1835 420 1896 aedes
434 1833 491 1896 sibi
508 1834 662 1897 fundasset
677 1832 823 1903 Socrates,

124 1923 224 2000 (Cuius
238 1939 296 1982 non
311 1921 393 1997 lugio
409 1931 550 1994 mortem,
568 1921 594 1980 si
609 1920 716 1980 lamam
732 1918 889 1999 adsequar,

122 2008 160 2068 Et
173 2007 247 2067 cedo
262 2005 406 2075 invidiae,
423 2003 583 2066 dummodo
597 2002 732 2065 absolvar
747 2003 842 2083 cinis)

123 2093 164 2153 Ex
180 2091 289 2171 populo
304 2091 347 2150 sic
362 2091 461 2150 nescio
476 2091 558 2170 quis,
574 2096 608 2149 ut
622 2089 692 2148 lieri
708 2087 798 2149 solet:

123 2174 253 2247 Quaeso,
268 2183 328 2236 tam
344 2181 496 2252 augustam
512 2173 581 2234 talis
597 2175 641 2233 vir
656 2175 742 2253 ponls
757 2172 894 2235 domuml

123 2259 254 2329 Vtinam,
270 2261 383 2338 inquit,
402 2261 480 2320 veris
494 2259 571 2320 hanc
588 2259 692 2319 amicls
707 2256 852 2337 inpleaml

387 2482 390 2490 ,
481 2410 672 2504 rueres
693 2411 730 2471 x.

551 2510 702 2563 ΡΟΕΨΔ.

165 2598 368 2660 Periculosum
384 2605 430 2659 est
444 2597 567 2659 credere
583 2604 613 2657 et
628 2614 685 2657 non
701 2596 836 2659 credere.

124 2685 283 2763 Vtriusque
300 2681 466 2763 exemplum
483 2683 616 2744 breviter
630 2699 773 2760 exponam
789 2684 844 2744 rei.

165 2767 340 2847 Hippolytus
356 2766 446 2836 obiit,
463 2769 532 2847 quia
548 2784 691 2828 novercae
707 2767 853 2828 creditum
870 2775 931 2840 est;

124 2852 304 2914 Cassandrae
320 2853 388 2931 quia
403 2870 462 2911 non
477 2852 638 2920 creditum.
654 2853 714 2912 ruit
730 2851 824 2913 llium.

123 2937 202 3015 Ergo
216 2935 394 3016 exploranda
410 2943 455 2996 est
469 2938 579 2998 veritas
593 2935 732 3006 multum,
747 2938 832 3017 prius

124 3020 217 3092 Quam
233 3020 320 3081 stulta
336 3039 425 3103 prave
441 3020 553 3082 iudicet
572 3023 728 3082 sententia.

125 3106 182 3167 Sed
197 3105 360 3167 labulnsam
375 3123 412 3166 ne
428 3113 604 3167 vetustatem
623 3104 728 3176 eleves,

126 3189 258 3251 Narrabo
273 3189 328 3251 tibi
345 3192 485 3250 memoria
501 3189 579 3269 quod
595 3190 704 3251 lactum
720 3197 766 3251 est
779 3208 854 3252 mea.

166 3275 290 3336 Maritus
304 3273 422 3354 quidam
439 3292 506 3334 cum
522 3273 660 3352 diligeret
675 3277 830 3353 coniugem

112 3359 294 3439 ¹'l'ogamque
309 3376 413 3438 puram
429 3359 484 3419 lam
501 3367 620 3439 pararet
634 3359 703 3431 lilio,

126 3443 271 3506 Seductus
283 3445 314 3504 in
330 3452 478 3505 secretum
493 3463 509 3504 a
523 3443 631 3506 liberto
646 3453 691 3507 est
705 3463 768 3516 suo,
