2438 3824
102 169 145 237 22
382 177 543 235 Plausum
563 178 787 235 FABVLARVM

104 329 236 408 Aesopus
249 327 293 389 ibi
308 334 402 401 stans,
420 331 501 392 naris
515 338 670 392 emunctae
685 349 784 401 senex,

105 412 215 474 Natura
230 432 390 494 numquam
405 410 496 476 verb'a
511 418 560 478 cui
574 418 673 496 potuit
686 415 773 477 dare:

104 496 136 558 st
151 515 314 577 procurare
330 501 376 560 vis
390 507 554 570 ostentum,
570 503 693 570 rustice,

104 583 230 655 onres,
246 585 359 663 inquit,
376 584 412 644 da
428 586 488 645 tuis
502 585 683 664 pastoribus.

339 725 342 729 ’
448 728 643 799 FABVLA
664 737 718 798 IV.

381 835 541 888 namne
558 837 613 887 no
631 836 786 905 smnus.

146 921 280 983 Pendere
296 921 332 983 ad
347 921 458 984 lanium
474 923 594 1003 quidam
611 923 685 983 vidit
699 926 828 994 simium,

104 1005 185 1066 lnter
200 1007 328 1067 relicuas
342 1026 457 1068 merces
472 1014 560 1087 atque
575 1009 714 1087 opsonia;

104 1088 270 1161 Quaesivit,
287 1092 426 1171 quidnam
442 1092 580 1171 sapercti
610 1090 686 1152 Tum
700 1092 796 1153 lanius
810 1094 927 1154 iocans:

104 1174 210 1246 Quale,
226 1177 339 1257 inquit,
354 1183 443 1257 caput
457 1184 518 1246 est,
534 1176 603 1237 talis
617 1184 785 1257 praestatur
799 1196 896 1258 sapor.

145 1259 280 1321 Ridicule
296 1263 390 1338 magis
404 1262 460 1322 hoc
475 1260 587 1322 dictum
604 1281 691 1340 quam
705 1280 775 1323 vere
790 1265 932 1341 aestimor
942 1290 951 1311 v

104 1342 228 1414 Quando
244 1351 273 1405 et
288 1345 433 1407 lormosos
447 1364 535 1425 saepe
551 1348 649 1407 inveni
667 1349 823 1426 pessimos,

104 1428 142 1489 Et
156 1431 236 1509 turpi
252 1430 327 1490 lacie
342 1430 451 1491 multos
466 1432 589 1508 cognovi
604 1432 741 1510 optimos.

454 1582 652 1663 'saevae
673 1582 711 1642 v.

326 1680 517 1747 AESOI’VB
533 1681 589 1732 ΕΤ
606 1680 841 1734 ΡΕΨἨιΑΝΒ.

147 1767 309 1829 Successus
324 1768 360 1829 ad
372 1769 541 1848 perniciem
556 1767 665 1830 multos
679 1769 809 1829 devocat.

105 1853 218 1933 Aesopo
233 1853 352 1934 quidam
367 1853 504 1933 petulans
518 1853 646 1934 lapidem
662 1855 826 1933 inpegerat.

106 1936 213 2006 Tanto,
230 1940 342 2018 inquit,
359 1936 477 1998 melior!
507 1938 610 2000 Assem
625 1938 732 2000 deinde
747 1938 790 1999 illi
806 1936 896 2006 dedit,

106 2022 155 2083 Sic
170 2031 358 2103 prosecutus:
387 2023 458 2084 Plus
471 2041 531 2084 non
547 2023 641 2084 habeo
656 2022 834 2091 mehercule,

105 2106 181 2177 Sed,
197 2107 275 2168 unde
290 2108 426 2187 accipere
442 2109 552 2187 possis,
568 2107 740 2169 monstrabo
753 2107 819 2172 tibi

105 2192 192 2253 Venit
206 2210 276 2253 ecce
292 2191 373 2252 dives
389 2198 419 2252 et
432 2200 552 2272 potens:
574 2192 644 2252 huic
659 2191 796 2253 similiter

104 2276 237 2356 impinge
252 2276 380 2356 lapidem
396 2283 426 2337 et
441 2276 563 2354 dignum
578 2277 708 2356 accipies
722 2277 897 2356 praemium.

105 2360 268 2422 Persuasus
282 2361 335 2422 ille
347 2361 433 2430 lecit,
449 2361 527 2441 quod
544 2364 674 2422 monitus
688 2361 760 2430 luit;

106 2445 163 2507 Sed
180 2463 248 2525 spes
262 2445 369 2506 lelellit
384 2445 577 2526 inpudentem
593 2445 762 2508 audaciam:

105 2529 294 2611 Conprensus
308 2548 434 2610 namque
450 2549 560 2610 poenas
573 2531 717 2611 persolvit
732 2548 830 2591 cruce.

378 2672 381 2677 ’
476 2682 669 2745 FABVLA
689 2684 743 2749 VI.
915 2751 916 2754 Ἴ

374 2781 537 2834 mvscu
562 2782 623 2835 uu
650 2782 795 2835 mnus,

145 2869 244 2930 Musca
259 2871 290 2929 in
305 2875 421 2930 temone
437 2869 514 2930 sedit
529 2875 560 2929 et
574 2869 683 2931 mulam
697 2871 872 2949 increpans:

104 2951 197 3024 Quam
213 2954 296 3014 tarda
313 2953 360 3014 esl
382 2956 494 3034 lnquit,
510 2973 569 3015 non
583 2956 629 3016 vis
643 2956 732 3016 citius
747 2951 905 3034 progredil

104 3039 192 3109 Vide,
209 3057 247 3098 ne
263 3038 367 3099 dolone
382 3039 489 3100 collum
504 3056 689 3118 conpungam
703 3037 772 3099 tibi.

104 3122 271 3203 Respondit
284 3123 348 3184 illa:
378 3122 486 3184 Verbis
500 3140 560 3184 non
574 3141 693 3184 moveor
708 3124 783 3194 tuis;

106 3207 164 3271 Sed
180 3210 269 3268 istum
284 3210 389 3278 timeo,
406 3207 476 3268 sella
491 3210 543 3287 qui
557 3209 653 3286 prima
667 3207 774 3268 sedens

105 3292 208 3370 iugum
223 3292 337 3370 llagello
353 3299 498 3374 temperat
514 3292 598 3355 leuto
612 3309 711 3353 meum
824 3356 826 3362 ,

91 3381 93 3384 ’
105 3377 143 3438 Et
157 3395 208 3438 ora
223 3377 318 3437 irenis
331 3380 465 3438 continet
478 3376 693 3457 spumantibus.

105 3460 292 3540 Quapropter
306 3463 391 3522 auler
404 3462 540 3523 frivolam
556 3461 761 3534 insolentiam
