2438 3824
136 157 184 223 18ss
413 165 575 221 PHAEDRI
595 164 819 223 nABvLAuvM

135 313 241 392 Magno
256 315 287 375 in
302 314 417 394 periclo
431 317 491 376 vita
508 323 642 376 vertetur
656 324 716 378 tua.

135 399 215 460 llaec
231 401 310 459 iuter
325 401 388 479 ipse
404 399 571 462 dominusa
586 419 659 461 cena
674 401 753 463 redit
838 463 840 466 .
893 463 896 468 .

134 483 187 553 Et,
203 487 272 563 quia
289 492 445 563 corruptos
460 485 575 546 viderat
589 504 684 566 nuper
699 485 798 555 boves,

135 568 258 629 Accedit
272 568 308 629 acl
323 587 484 648 praesepe:
514 570 574 631 Cur
589 570 702 630 tioudis
717 588 823 651 parum
839 577 893 641 est.

136 651 303 713 Stramenta
319 653 443 714 desunt?
469 654 586 714 Tollere
602 655 674 716 haec
689 673 798 715 aranea

136 735 284 808 Quantum
299 745 345 798 est
360 738 487 798 laboris?
516 740 591 800 Dum
606 746 755 800 scrutatur
770 739 894 818 singula,
948 756 951 762 ’

136 821 221 882 Cervi
238 840 354 902 quoque
370 823 426 883 alta
443 825 632 903 conspicatur
647 842 774 895 cornua;

136 904 229 976 Quem
244 915 401 968 convocata
421 907 506 968 iuuet
520 909 615 969 occidi
633 909 743 970 familia

135 989 338 1071 Praedamque
354 992 446 1053 tollit.
468 992 547 1053 llaec
563 995 710 1071 siguificat
725 992 833 1065 tabula,

135 1074 294 1136 Dominum
310 1077 412 1138 ridere
427 1077 588 1157 plurimum
604 1081 636 1138 in
651 1077 742 1138 rebus
757 1080 828 1140 suis.

526 1228 708 1281 Avcuon.

179 1333 287 1411 Aesopi
303 1333 424 1409 ingenio
439 1338 565 1392 statuam
579 1349 705 1412 posuere
721 1334 812 1395 Attici

138 1416 322 1490 Servumque
337 1416 518 1477 collocarunt
533 1424 653 1476 aeterna
668 1419 699 1476 in
717 1416 780 1478 basi

137 1500 243 1562 Patere
251 1498 373 1561 lionoris
380 1502 491 1561 scirent
507 1510 539 1561 ut
554 1503 669 1560 cunctis
683 1501 760 1561 viam

138 1586 199 1647 Nec
214 1587 318 1662 generi
334 1584 441 1655 tribui,
457 1585 509 1646 sed
524 1587 642 1654 virtuti,
658 1584 793 1662 gloriam.

138 1669 281 1740 Quoniam
297 1678 456 1749 occuparat
471 1670 559 1739 alter,
576 1687 613 1731 ne
627 1673 742 1749 primus
757 1671 860 1739 iorem,

138 1755 182 1816 Ne
198 1753 279 1814 solus
293 1763 387 1824 esset,
403 1755 518 1825 studui;
534 1753 612 1835 quod
628 1756 732 1834 superi
733 1757 791 1815 uit:

138 1839 200 1901 Nec
215 1838 288 1898 haec
303 1839 428 1906 invidia,
447 1857 546 1900 verum
562 1845 608 1899 est
622 1839 788 1900 aemulatio.

139 1922 221 1995 Quod
238 1925 264 1984 si
280 1923 375 1984 labori
390 1925 497 1984 laverit
510 1924 626 1984 Latium
641 1942 716 1994 meo,

138 2009 243 2070 Plures
257 2007 395 2077 habehit,
412 2027 486 2087 quos
501 2016 628 2087 opponat
644 2008 795 2069 Graeciae.

140 2092 172 2153 Si
187 2093 262 2153 livor
277 2092 443 2152 obtrectare
459 2110 560 2153 curam
577 2093 710 2162 voluerit,

140 2177 205 2238 Non
219 2184 319 2238 tamen
334 2178 443 2256 eripiet
457 2177 552 2237 laudis
567 2179 787 2237 conscientiam.

141 2258 173 2322 Si
189 2270 323 2322 nostrum
339 2262 468 2321 studium
484 2260 519 2321 ad
536 2279 624 2320 aures
638 2261 732 2321 cultas
746 2259 884 2340 pervenit

140 2346 178 2407 Et
192 2353 254 2407 arte
270 2347 354 2428 fictas
369 2349 485 2406 animus
499 2347 589 2406 sentit
606 2343 728 2414 fabulas,

140 2430 264 2491 Omnem
280 2431 430 2511 querelam
447 2429 602 2490 submovet
616 2429 752 2490 lelicitas.

141 2515 193 2576 Sin
210 2523 307 2576 autem
323 2515 426 2575 doctus
441 2514 499 2575 illis
513 2516 645 2574 occurrit
659 2513 752 2584 labor,

141 2600 266 2661 Sinistra
282 2617 357 2679 quos
370 2601 401 2660 in
416 2598 511 2668 lucem
527 2605 630 2659 natura
647 2597 751 2659 extulit

144 2682 219 2764 [Nec
234 2687 392 2765 quiequam
408 2690 532 2762 possunt
546 2685 605 2743 nisi
620 2683 758 2744 meliores
773 2678 924 2762 carpere]

141 2768 241 2830 Fatale
256 2770 359 2828 vitium
376 2768 464 2827 corde
480 2766 584 2827 durato
599 2768 702 2837 leram,

141 2853 242 2914 Donec
255 2853 406 2914 fortunam
419 2853 556 2912 criminis
569 2851 679 2931 pudeat
692 2852 751 2913 sui.
