2438 3824
116 127 160 193 50
396 132 557 186 PHAEDRI
578 131 802 187 FABVLARVM

361 318 364 323 ’
464 334 653 394 aaaron
674 334 745 420 rx„

370 439 539 493 TAVRVS
556 440 611 491 E'I'
628 440 824 495 mvnvs,

160 547 290 622 Angusto
304 545 336 604 in
352 543 434 604 aditu
447 550 552 603 taurus
566 541 681 604 luctans
695 543 837 604 cornibus

118 630 190 691 Cum
207 632 253 689 vix
269 630 380 689 intrare
397 636 498 707 posset
512 628 547 688 ad
563 630 728 707 praesepia,

117 711 298 774 Monstrabat
313 711 421 773 vitutus
435 731 494 791 quo
509 731 540 773 se
555 719 643 792 pacto
658 713 802 774 flecteret.

118 797 210 868 Tace,
227 800 337 878 inquit,
355 805 422 858 ante
438 797 493 856 boe
509 799 591 867 novi,
607 816 694 877 quam
712 805 742 857 tu
758 803 844 858 natus
859 815 902 861 es.

113 932 115 937 .
136 900 140 935 1
158 880 216 955 Qut
232 882 392 942 doctiorem
408 881 559 952 emendat,
576 880 635 942 sibi
651 880 710 942 dici
725 888 819 962 putet.
1072 894 1092 947 5

472 1052 663 1113 FABVLA
685 1053 720 1113 X.

301 1167 427 1221 CANIS
443 1168 499 1218 E'P
516 1166 591 1218 SVS
607 1168 662 1219 E'P
678 1167 894 1221 vunuuoss.

136 1328 139 1333 .
159 1273 307 1334 Adversus
321 1289 424 1331 omnes
438 1271 524 1331 sortis
538 1271 653 1331 veloces
668 1272 746 1331 teras

117 1359 205 1420 Canis
219 1374 286 1417 cum
302 1357 421 1415 domino
436 1373 554 1434 semper
568 1355 687 1416 fecisset
702 1358 783 1427 satis,

117 1444 272 1519 Languere
287 1441 384 1518 coepit
399 1441 485 1500 annis
499 1439 732 1517 ingravantibus.

117 1525 282 1606 Aliquando
298 1523 433 1585 obiectus
447 1524 557 1603 hispidi
574 1542 688 1603 pugnae
704 1527 767 1585 suis

117 1612 255 1689 Adripuit
272 1627 389 1670 aurem:
413 1609 465 1669 sed
480 1610 604 1669 cariosis
620 1608 759 1670 dentibus

117 1695 259 1757 Praedam
275 1695 397 1754 dimisit.
427 1694 483 1754 Hic
497 1700 568 1753 tunc
583 1702 704 1753 venator
719 1693 821 1754 dolens

117 1772 227 1842 Canem
242 1777 426 1856 obiurgabat.
457 1778 511 1839 Cui
525 1795 616 1839 senex
631 1785 734 1839 contra
749 1778 862 1839 Lacon:

118 1865 183 1926 Non
199 1872 227 1924 te
243 1863 376 1923 destituit
392 1865 523 1932 animus,
538 1863 590 1923 sed
607 1865 684 1924 vires
698 1880 792 1923 meae.

117 1948 200 2020 Quod
216 1949 340 2015 suimus,
357 1946 456 2017 lauda,
473 1949 496 2007 si
514 1949 571 2007 iam
588 1947 724 2015 damnas,
742 1947 819 2025 quod
836 1965 949 2009 sumus.

159 2034 221 2095 Hoc
236 2050 304 2102 cur,
320 2031 450 2102 Philete,
467 2033 654 2112 scripserim,
669 2032 793 2112 pulchra
808 2030 900 2091 vides.
1053 2042 1090 2097 lu

352 2439 385 2512 A
416 2440 445 2512 P
477 2439 506 2512 P
538 2438 568 2510 E
600 2437 635 2511 N
666 2437 697 2509 D
730 2437 749 2510 I
778 2437 836 2512 X.

438 2584 756 2640 normannorum

480 2742 673 2804 FABVLA
693 2744 718 2803 Ι.

389 2850 534 2901 smvs
554 2851 609 2901 ΕΤ
630 2849 807 2902 VVLPES.

179 2961 303 3015 Avarum
321 2956 407 3012 etiam
425 2955 502 3025 quod
518 2954 572 3010 sibi
589 2956 717 3025 superest
732 2972 788 3010 non
806 2946 927 3011 libenter
944 2957 1023 3015 dure.

161 3075 284 3154 Vulpem
299 3071 423 3149 rogabat
436 3077 552 3151 partem
567 3070 675 3130 caudae
691 3073 806 3141 simius,

119 3161 282 3237 Contegere
297 3157 420 3217 honeste
437 3161 536 3236 posset
551 3162 583 3213 ut
598 3155 691 3215 nudas
706 3162 803 3226 nates;

117 3245 173 3307 Cui
189 3246 232 3304 sic
246 3241 389 3318 maligna:
419 3241 549 3316 Longior
563 3239 613 3300 fiat
628 3239 706 3308 licet,

119 3328 230 3390 Tamen
245 3327 325 3387 iiiam
341 3328 429 3386 citius
444 3341 497 3404 per
512 3323 606 3383 lutum
622 3330 652 3383 et
666 3324 766 3401 spinas
781 3324 905 3393 trabam,

119 3412 189 3475 Tibi
204 3430 292 3494 quam
306 3419 423 3490 partem
438 3408 572 3490 quamvis
586 3426 706 3490 parvam
722 3409 875 3486 inpertiar.
