2438 3824
158 148 200 214 26
435 155 597 218 rflannm
616 157 839 215 rennuerit

159 303 224 366 Non
239 306 394 369 evertisset
408 307 520 369 scelere
534 309 653 370 lunesto
668 309 796 371 domum.
949 330 953 337 ·
1083 316 1120 371 50

201 390 248 451 Nil
264 400 385 470 spernat
399 395 528 464 animus,
544 410 600 454 nec
616 401 713 455 tamen
729 395 831 456 credat
846 397 953 458 statim.

158 473 401 556 Quandoquidem
417 482 446 537 et
460 476 504 537 illi
520 486 659 556 peccant,
675 498 749 559 quos
762 482 884 541 minime
899 489 998 562 putes,

157 559 195 621 Et
209 562 261 640 qui
275 579 335 622 nun
350 569 488 640 peccant,
504 564 706 641 inpugnantur
720 564 885 626 inandibus.
943 632 946 637 ,

199 645 261 707 Hoc
276 645 435 706 admonere
451 647 601 726 simplices
614 649 703 710 etiarn
719 656 825 728 potest,

157 729 304 811 Opinione
320 730 443 792 alterius
457 731 567 811 nequid
582 733 761 812 ponderent:

157 814 287 877 Ambitio
301 834 428 895 namque
443 813 593 877 dissidens
607 818 778 879 mortalium

157 901 214 962 dut
227 901 340 979 gratiae
356 900 519 962 subscribit
533 908 584 962 aut
598 902 666 963 odio
681 921 744 963 suo.

155 984 223 1047 Erit
237 985 286 1047 ille
301 992 402 1057 notus,
418 1005 507 1066 quem
521 994 621 1066 perte
636 990 820 1065 cognoveris.

198 1069 277 1131 llaec
291 1078 449 1132 exsecutus
464 1089 528 1132 sum
542 1078 701 1151 propterea
716 1072 863 1153 pluribus,

155 1153 306 1217 Brevitate
321 1157 412 1216 nimia
427 1158 568 1235 quoniam
582 1157 724 1237 quosdam
738 1158 924 1221 offendimus.

504 1308 696 1370 FABVLA
717 1310 769 1394 XI.
1009 1373 1013 1380 ,

351 1406 585 1458 EVNVCHVS
602 1408 660 1459 AD
678 1409 916 1463 INPROBVM.

196 1493 357 1554 Eunuchus
371 1492 507 1571 litigabat
521 1511 589 1554 cum
604 1494 731 1574 quodam
745 1495 881 1574 inprobo,

154 1578 211 1651 Qui
226 1596 316 1658 super
330 1577 457 1640 obscena
473 1577 552 1639 dicta
567 1585 597 1639 et
611 1579 748 1658 petulans
761 1582 891 1657 iurgium

154 1664 297 1725 Damnum
313 1664 475 1724 insectatus
488 1669 534 1724 est
548 1665 648 1724 amissi
664 1663 792 1725 roboris.

153 1748 214 1829 En,
230 1749 285 1816 ait.
301 1748 357 1808 boc
372 1766 463 1809 unum
479 1754 539 1818 est,
555 1766 610 1809 cur
623 1747 756 1810 laborem
771 1748 904 1818 validius,

153 1832 337 1911 Integritatis
350 1839 443 1894 testes
457 1834 526 1912 quia
542 1833 648 1894 desunt
662 1832 745 1895 milri.

154 1918 212 1979 Sed
227 1918 298 1999 quid
313 1919 465 1988 fortunae,
482 1918 584 1986 stulte,
602 1918 740 1978 delictum
756 1918 877 1996 arguis?

153 2003 187 2064 Id
202 2003 320 2064 demum
336 2009 382 2063 est
395 2003 508 2063 bomini
523 2009 625 2082 turpe,
641 2002 720 2082 quud
735 2005 846 2063 meruit
858 2003 931 2082 pati.

495 2154 684 2215 FABVLA
706 2154 773 2214 XII.

351 2252 517 2306 Pvnnvs
533 2253 591 2305 AD
609 2253 910 2306 MARGARI'I'AM.

194 2342 228 2404 lu
243 2339 419 2422 sterquilino
433 2339 532 2419 pullus
546 2339 726 2417 gallinaceus

152 2429 227 2490 llum
242 2427 361 2508 quaerit
374 2442 488 2493 escam,
504 2425 693 2502 margaritam
708 2425 851 2502 repperit.

152 2514 235 2575 laces
249 2512 372 2590 indigno
387 2516 495 2590 quanta
510 2527 560 2570 res
574 2510 686 2588 iuquit,
702 2507 779 2569 loco!

151 2597 214 2658 lloc
228 2599 324 2678 siquis
337 2596 426 2675 pretii
442 2593 567 2674 cupidus
580 2594 703 2654 vidisset
718 2595 771 2663 tui,

151 2682 229 2745 Olim
245 2682 375 2743 redisses
389 2678 425 2740 ad
440 2678 627 2757 splendorem
642 2679 812 2757 pristinum.

151 2767 214 2846 Ego
229 2767 306 2848 quod
322 2771 352 2826 te
367 2765 483 2834 inveni,
498 2764 596 2843 potior
610 2765 657 2823 cni
674 2762 765 2823 multo
780 2761 934 2833 estcibus,

151 2851 213 2912 Nec
229 2851 284 2914 tibi
298 2850 440 2931 prodesse
454 2866 511 2910 nec
525 2847 598 2909 mihi
613 2848 772 2927 quicquam
787 2854 894 2926 potest.

193 2936 255 2998 Hoc
269 2935 330 2998 illis
343 2951 448 2995 uarro.
463 2937 517 3015 qui
530 2949 578 2992 me
592 2950 651 2993 non
667 2931 852 3009 intellegunt.

484 3083 673 3148 naevos
694 3083 777 3144 xm.
859 3057 861 3059 ’

317 3184 425 3238 ms
440 3184 496 3236 mr
513 3183 614 3236 nvc1
631 3182 770 3234 VESPA
785 3181 943 3237 maron.

192 3275 270 3354 Apes
283 3275 316 3336 in
331 3271 388 3334 alta
402 3272 536 3332 fecerant
549 3286 663 3350 quercu
676 3270 771 3332 savos:

150 3360 211 3422 Hos
225 3361 286 3421 luci
301 3360 414 3418 inertes
428 3374 493 3417 esse
508 3354 647 3418 dicebant
661 3371 739 3416 suos.

147 3444 201 3506 Lis
215 3445 252 3506 ad
266 3445 363 3504 lorum
377 3441 502 3503 deducta
518 3447 576 3510 est,
593 3457 681 3520 respa
696 3440 805 3509 iudice.
