2438 3824
520 166 628 224 LIBER
647 167 669 226 Ι.

118 318 221 382 Dolosa
236 319 340 398 vulpes
354 317 448 380 avidis
461 318 562 397 rapuit
577 316 725 378 dentibus.

119 403 193 465 Tum
210 404 327 465 demum
342 405 488 480 ingemuit
503 404 583 462 eorvi
599 402 742 481 deeeptus
756 407 869 480 stupor.

162 486 239 570 [llas
254 507 287 550 re
303 487 447 568 probatur
461 495 602 567 quantum
618 480 770 562 ingenium
785 485 877 556 valet;

119 572 234 636 Virtute
250 591 369 653 semper
382 571 533 654 praevalet
547 567 718 653 sapientia]

449 722 642 784 FABVLA
663 722 745 784 xw.

369 820 432 874 lix
449 821 614 875 SVOEORE
631 819 831 874 MEDIOVS.

160 910 255 973 Malus
268 928 336 971 eum
352 916 436 970 sutor
450 910 549 987 inopia
566 908 737 989 deperditus

118 996 292 1058 Medicinam
309 996 409 1073 ignoto
425 994 523 1054 lacere
539 995 687 1072 coepisset
701 993 765 1054 luco

118 1081 155 1143 Et
170 1080 336 1141 venditaret
350 1079 424 1139 lalso
439 1077 602 1139 antidotum
619 1079 745 1146 nomine,

119 1164 260 1226 Verbosis
275 1164 434 1244 adquisivit
449 1161 508 1223 sibi
524 1164 630 1223 lamam
646 1161 787 1242 strophis.

118 1250 174 1311 llic
189 1268 255 1310 cum
270 1250 382 1310 iaceret
398 1246 501 1307 morbo
515 1247 667 1308 coniectus
681 1248 766 1325 gravi
792 1304 793 1308 ,

119 1334 182 1395 Rex
196 1332 294 1403 urbis,
311 1334 377 1393 eius
391 1331 563 1410 experiendi
578 1334 673 1410 gratia

120 1417 267 1498 Scyphum
283 1418 433 1497 poposcit:
456 1417 521 1477 lusa
535 1416 604 1476 dein
620 1415 761 1478 simulans
775 1433 851 1497 aqua

119 1503 258 1564 dritidoto
274 1503 399 1562 miscere
414 1499 494 1562 illius
510 1519 541 1561 se
556 1503 697 1569 toxicum,

119 1585 250 1647 Ebibere
265 1587 352 1647 iussit
368 1587 464 1665 ipsum
480 1587 576 1665 posito
590 1587 733 1665 praemio.

119 1671 240 1732 Timore
254 1673 358 1732 mortis
373 1670 423 1731 ille
439 1678 499 1731 tum
515 1671 668 1732 confessus
683 1677 727 1732 est

118 1755 183 1819 Non
199 1758 272 1818 artis
286 1755 345 1816 ulla
361 1755 492 1816 medicae
507 1773 539 1815 se
554 1755 722 1835 prudentia,

119 1842 226 1903 Verum
242 1849 362 1920 stupore
378 1840 459 1917 voigi
475 1840 584 1900 lactum
599 1839 738 1901 nobilem.

118 1924 180 1986 lies
195 1926 332 1987 advocata
348 1927 486 1986 contione
501 1925 575 1984 haec
590 1924 698 1985 edidit:

117 2009 248 2082 Quantae
264 2011 376 2091 putatis
391 2028 456 2070 esse
472 2027 523 2069 vos
538 2009 714 2078 dementiae,

118 2094 175 2166 Qui
191 2097 286 2175 capita
301 2102 398 2155 vestra
413 2111 471 2154 non
487 2092 630 2155 dubitatis
645 2093 776 2163 credere,

119 2180 171 2240 Cui
188 2179 359 2240 calceandos
374 2197 459 2239 nemo
475 2180 623 2240 commisit
639 2179 746 2257 pedesi

160 2263 221 2324 lloe
236 2265 387 2345 pertinere
403 2281 472 2324 vere
488 2263 523 2324 ad
540 2263 606 2324 illos
620 2263 756 2333 dixerim,

118 2347 250 2419 Quorum
266 2348 391 2410 stultitia
406 2357 544 2429 quaestus
559 2348 758 2429 impudentiae
773 2354 829 2410 est.

459 2498 650 2560 FABVLA
671 2499 736 2560 XV.

273 2597 427 2650 ASINVS
443 2599 502 2649 AD
521 2598 665 2650 SENEM
682 2598 918 2653 PAS'I'OREM.

159 2684 193 2748 ln
208 2685 378 2767 principatu
393 2686 598 2747 commutando
614 2686 731 2766 saepius

119 2770 167 2832 Nil
181 2776 300 2850 praeter
315 2768 427 2831 domini
443 2788 548 2831 nomen
565 2777 679 2831 mutant
693 2787 846 2849 pauperes

118 2855 150 2917 ld
166 2873 230 2916 esse
246 2872 349 2915 verum
364 2872 451 2932 parva
467 2854 539 2915 baec
554 2854 659 2915 labella
677 2855 795 2915 indicat.

160 2939 288 3001 Asellum
305 2940 336 2998 io
351 2945 435 3018 prato
449 2939 572 3000 timidus
587 2938 725 3019 pascebat
740 2957 840 3003 senex.

118 3024 147 3085 ls
160 3024 290 3084 hostium
307 3023 433 3085 clamore
449 3023 548 3085 subito
562 3025 685 3084 territus

119 3107 268 3170 Suadebat
283 3109 364 3168 asino
380 3109 499 3184 lugere,
515 3126 552 3169 ne
567 3114 685 3186 possent
702 3107 776 3185 capi.

119 3194 155 3252 m
170 3193 219 3252 ille
235 3192 346 3259 lentus:
374 3190 502 3262 Quaeso,
519 3210 588 3252 num
605 3191 689 3251 binas
705 3192 777 3252 milri

120 3276 250 3337 Clitellas
265 3278 461 3355 inpositurum
478 3277 617 3336 victorem
634 3275 737 3354 potas?

120 3359 216 3420 Senex
232 3363 358 3438 negavit.
389 3360 466 3436 Ergo
482 3360 551 3440 quid
567 3361 659 3421 relect
674 3378 747 3430 mea,

120 3444 174 3506 Cui
190 3444 333 3506 serviam?
354 3443 561 3511 clitellasdum
576 3451 691 3523 portem
706 3461 798 3507 meas.
