2438 3824
91 168 113 233 2
369 177 531 233 PHAEDRI
551 174 775 232 FABVLARVM

91 325 179 387 Pater
193 326 293 387 heroic
309 336 378 388 tuus
393 327 451 398 ibi,
469 329 576 408 inquit,
592 328 668 389 male
684 327 759 389 dixit
773 327 858 388 mihi.

92 413 185 488 Atque
202 413 243 472 ita
258 423 428 492 correptum
444 413 554 474 lacerat
570 415 678 474 iniusta
693 430 776 472 nece.

133 495 212 555 Haec
228 506 350 575 propter
365 497 432 558 iiios
447 500 556 576 scripta
573 505 618 559 est
633 497 767 557 homines
782 496 890 567 tabula,

91 577 147 650 Qui
163 580 240 642 fictis
254 583 352 643 causis
366 584 540 642 innocentes
552 585 732 663 opprimunt.

440 734 630 814 aprunus
656 735 697 794 n.

273 833 421 885 Ram
437 833 589 885 REGEM
604 831 861 886 Pnumltvntu.

133 918 264 979 Athenae
279 937 346 979 cum
361 920 503 980 florerent
518 922 619 1000 aequis
633 919 757 997 legibus,

91 1002 203 1064 Procax
219 1003 343 1065 libertas
357 1007 507 1067 civitatem
522 1006 640 1066 miscuit

92 1086 279 1168 Frenumque
295 1089 380 1150 solvit
395 1091 553 1168 pristinum
569 1089 698 1150 licentia.

90 1171 146 1231 llio
161 1175 340 1252 conspiratis
353 1175 514 1235 tactionum
530 1174 665 1254 partibus

91 1261 196 1317 Arcem
212 1266 356 1336 tyrannus
370 1267 494 1338 occupat
508 1259 691 1320 Pisistratus.

92 1341 164 1403 Cum
178 1344 294 1404 tristem
310 1346 481 1404 servitutem
497 1344 603 1404 flerent
618 1344 716 1414 Attici,

92 1423 168 1502 (Non
183 1429 252 1506 quia
267 1426 396 1488 crudelis
411 1429 475 1500 iiie,
492 1429 544 1490 sed
560 1430 697 1508 quoniam
712 1445 802 1504 gravo

91 1509 184 1572 Omne
200 1514 325 1573 insuitis
340 1514 423 1592 onus)
440 1521 470 1573 et
484 1516 653 1592 coepissent
667 1515 763 1591 queri,

90 1597 223 1675 Aesopus
237 1597 325 1658 talem
341 1605 403 1658 tum
419 1597 556 1658 tabellam
570 1596 695 1657 rettulit.

132 1680 231 1742 Ranae
247 1689 386 1759 vagantes
400 1681 502 1743 tiberis
517 1681 676 1762 paludibus

91 1765 224 1827 Clamore
239 1784 345 1844 magno
359 1784 460 1844 regem
475 1769 589 1846 petiere
605 1785 621 1826 a
636 1766 714 1837 love,

91 1851 147 1920 uni
163 1851 322 1911 dissolutos
337 1870 435 1912 mores
448 1855 476 1912 ri
492 1858 694 1932 oonpesceret.

90 1934 179 1996 Pater
193 1936 315 1996 deorum
331 1939 398 1998 risit
413 1944 500 2017 atque
515 1936 575 1997 iliis
590 1937 672 2016 dedit

90 2019 216 2080 Parvum
232 2021 375 2097 flgitium,
390 2024 512 2082 missurn
528 2021 606 2100 quod
622 2021 721 2082 subito
736 2018 802 2080 vadi

91 2103 171 2165 Motu
186 2123 316 2185 sonoque
332 2108 441 2167 terruit
455 2107 593 2185 pavidum
607 2122 710 2184 genus.

91 2188 154 2249 Hoc
169 2208 299 2250 mersum
315 2190 386 2250 iimo
401 2209 469 2251 cum
483 2193 595 2251 iaceret
610 2191 730 2260 diutius,

91 2273 181 2335 Forte
196 2293 253 2335 una
268 2277 357 2335 tacite
373 2275 488 2354 profert
503 2293 519 2336 e
534 2283 638 2353 stagno
653 2281 742 2353 caput

91 2359 129 2419 Et
144 2359 296 2438 explorato
311 2378 381 2437 rege
398 2367 644 2431 cunctasevocat.

91 2443 161 2504 iiiae
176 2446 282 2504 timore
297 2447 393 2524 posito
408 2447 543 2506 certatim
559 2444 698 2505 adnatant

90 2529 276 2608 Lignumque
291 2548 380 2608 supra
395 2529 483 2591 turba
499 2529 634 2609 petulans
649 2527 753 2590 insilit.

91 2611 175 2684 Quod
191 2631 257 2674 curn
273 2615 479 2694 inquinassent
493 2617 574 2676 omni
589 2613 776 2685 contumatia,

90 2697 188 2759 Alium
204 2706 343 2775 rogantes
356 2716 458 2777 regem
473 2702 581 2760 misere
597 2699 634 2761 ad
648 2699 755 2769 lovem,
814 2742 817 2747 -

90 2782 208 2844 Inutilis
223 2785 361 2862 quoniam
377 2792 455 2845 essct
470 2785 520 2864 qui
535 2785 633 2846 iuerat
651 2783 746 2846 datus.

91 2867 166 2928 'l'um
180 2869 261 2928 misit
274 2866 336 2928 iliis
350 2868 489 2948 hydrum,
506 2871 557 2949 qui
572 2868 661 2930 dente
677 2886 782 2947 aspero

93 2951 252 3030 Corripere
268 2955 366 3031 coepit
380 2953 520 3030 singulas.
550 2954 674 3016 Frustra
689 2971 793 3013 necem

91 3035 231 3114 Fugitant
245 3039 372 3106 inertes,
389 3055 490 3098 rocem
505 3038 671 3118 praecludit
685 3044 792 3098 metus.

90 3121 207 3182 Furtim
222 3122 315 3198 igitur
329 3121 400 3182 dant
414 3122 561 3184 Mercurio
576 3122 713 3183 mandata
727 3122 764 3182 ad
778 3120 886 3190 lovem,

90 3206 226 3266 totitatis
240 3213 273 3265 ut
284 3215 447 3268 succurrat.
477 3207 561 3281 Tunc
576 3215 677 3268 contra
694 3206 781 3267 dous:

90 3288 165 3361 Quia
181 3289 319 3351 notuistis
333 3299 462 3352 vestrum
477 3293 573 3363 serre,
589 3294 700 3371 inquit,
719 3289 839 3360 bonum,

90 3373 198 3436 Maium
213 3375 353 3454 perferte.
368 3408 412 3422 -
428 3375 484 3437 Vos
497 3395 629 3457 quoque,
646 3395 663 3436 o
679 3378 774 3445 cives,
791 3376 843 3445 ait,

77 3459 152 3522 ⁴Hoc
165 3462 328 3531 sustinete,
344 3463 439 3522 maius
454 3480 491 3522 ne
507 3465 604 3523 veniat
618 3460 738 3523 maium.
