2438 3824
507 190 615 246 LIBER
635 189 684 248 III.

445 357 639 419 FABVLA
660 357 755 418 XVII.

272 457 468 509 moesus
485 456 535 508 IN
551 456 733 507 DEORVM
749 456 927 510 cvrum.

162 542 254 613 Olim,
269 561 344 624 quas
357 543 466 604 vellent
480 561 545 604 esse
561 545 592 604 in
608 542 698 603 tutela
714 561 775 613 sua,

118 629 185 688 Divi
200 629 337 706 legerunt
353 627 485 689 arbores.
517 625 650 698 Quercus
666 625 726 687 lovi

118 713 156 773 Et
171 722 284 793 myrtus
299 713 407 773 Veneri
424 713 550 792 placuit,
566 711 687 773 Phoebo
702 711 812 783 laurea,

118 797 211 858 Pinus
225 796 376 878 Cybebae,
394 797 520 878 populus
535 797 613 858 celsa
629 796 761 858 Herculi.

118 883 249 943 Minerva
265 881 429 952 admirans,
445 898 536 963 quare
552 881 670 942 steriles
684 886 845 950 sumerent,
1061 888 1078 942 b

119 967 325 1045 Interrogavit.
356 967 480 1029 Causam
496 967 571 1027 dixit
584 965 734 1046 luppiter:

118 1052 267 1113 Honorem
281 1052 380 1113 fructu
396 1070 433 1112 ne
448 1051 600 1112 videamur
616 1050 754 1111 vendere.

119 1139 170 1206 nt,
186 1135 387 1206 mehercules,
403 1135 537 1197 narrabit
551 1135 629 1217 quod
644 1137 712 1216 quis
726 1134 860 1206 voluerit,

119 1221 202 1282 Oliva
218 1220 305 1282 nobis
319 1226 441 1300 propter
456 1221 584 1282 fructum
601 1228 646 1280 est
660 1222 782 1298 gratior.

119 1306 203 1366 Tunc
218 1308 261 1366 sie
277 1304 399 1366 deorum
415 1307 533 1383 genitor
548 1313 636 1385 atque
651 1304 803 1366 bominum
820 1312 912 1366 sator:
1047 1311 1079 1366 lu

120 1390 144 1450 0
160 1398 243 1459 nata,
260 1392 367 1450 merito
382 1391 502 1469 sapiens
517 1390 617 1451 dicere
633 1387 785 1450 omnibus!

121 1473 184 1535 Nisi
200 1473 271 1534 utile
286 1474 423 1555 estquod
438 1475 578 1545 iacimus
594 1473 682 1535 stulta
698 1482 745 1534 est
758 1473 861 1552 gloria.

162 1557 244 1620 Nihil
260 1575 347 1636 agere
363 1558 441 1640 quod
456 1578 515 1620 non
531 1561 627 1639 prosit
640 1557 748 1620 labella
763 1558 910 1621 admouet.

437 1695 629 1756 FABVLA
649 1694 761 1754 xum.

235 1795 350 1846 PAvo
368 1795 426 1844 AD
443 1794 646 1845 IV'NONEM
663 1794 720 1844 DE
737 1793 850 1845 VOCE
869 1792 960 1847 SVA.

161 1881 238 1942 Pavo
253 1881 289 1942 ad
304 1880 445 1941 Iunonem
461 1882 542 1941 venit
556 1879 678 1956 indigne
693 1879 803 1949 serens,

120 1965 228 2027 Cantus
242 1964 361 2026 luscinii
376 1964 454 2045 quod
470 1964 528 2025 sibi
544 1982 603 2025 non
621 1963 776 2034 tribuerit;

121 2050 204 2112 lllum
220 2068 284 2112 esse
300 2051 416 2111 cunetis
428 2048 532 2109 avibus
547 2047 762 2118 admirabilem,

120 2134 157 2194 Se
172 2135 318 2205 derideri,
335 2133 423 2195 simul
439 2151 472 2193 ac
487 2151 588 2194 vocem
605 2135 729 2193 miserit.

120 2219 203 2280 Tune
218 2219 386 2280 consolandi
403 2221 498 2296 gratia
514 2218 589 2278 dixit
604 2218 673 2278 dea:

120 2305 177 2364 Sed
194 2305 288 2365 forma
305 2306 413 2372 vincis,
431 2305 525 2364 vincis
541 2303 758 2380 magnitudine;

121 2389 207 2449 Nitor
221 2388 369 2465 smaragdi
380 2388 460 2448 collo
475 2387 641 2468 praefulget
656 2395 707 2448 tuo

120 2472 270 2552 Pictisque
285 2472 393 2552 plumis
406 2489 571 2550 gemmeam
587 2472 709 2532 caudam
726 2471 865 2551 explicas.

119 2555 183 2627 Ouo
199 2559 254 2625 mi,
271 2559 381 2636 inquit,
398 2564 507 2617 niumm
524 2559 668 2636 speciem,
685 2558 710 2617 si
725 2559 828 2616 vincor
843 2556 934 2617 sono?

121 2642 260 2702 Fatorum
276 2640 401 2703 arbitrio
416 2649 517 2721 partes
531 2648 600 2704 suut
614 2639 698 2701 vobis
713 2641 812 2701 datae:
1045 2648 1079 2700 10

120 2725 190 2786 Tibi
206 2726 315 2796 forma,
331 2728 409 2786 vires
424 2725 554 2805 aquilae,
571 2725 696 2786 luscinio
712 2724 813 2795 nielos,

121 2813 282 2888 Augurium
298 2828 401 2877 corvo,
418 2810 498 2871 laeva
514 2812 627 2870 cornici
643 2813 751 2880 omina,

121 2894 288 2974 Omnesque
303 2896 433 2974 propriis
448 2902 516 2956 sunt
530 2902 684 2956 contentae
700 2894 828 2956 dotibus.

163 2979 227 3039 Noli
243 2981 392 3040 adlectare
407 2979 486 3060 quod
502 2977 557 3039 tibi
574 2997 630 3040 non
648 2988 693 3040 est
707 2979 816 3051 datum,
853 2976 855 2983 ’

121 3062 226 3123 llelusa
241 3081 362 3144 nespes
376 3064 412 3125 ad
427 3064 578 3144 querelam
593 3064 716 3125 recidat.
1047 3071 1080 3125 15

452 3200 644 3260 unauna
664 3201 744 3260 xrx.
803 3288 806 3293 θ

257 3296 445 3349 AESOva
461 3297 712 3349 RESPONDET
730 3298 943 3354 GARRVLO.

165 3383 296 3460 Aesopus
311 3382 429 3444 domino
444 3384 523 3444 solus
537 3401 605 3444 cum
621 3392 699 3444 esset
713 3385 834 3455 l'amilia,

123 3464 232 3526 Parare
247 3483 350 3526 cenam
367 3467 466 3556 iussus
480 3476 526 3528 est
541 3470 699 3530 aratorius.
