2438 3824
168 163 208 227 16
443 167 605 224 Punicum
625 169 849 226 FABVLARVM

165 317 199 378 In
213 317 411 379 Misenensem
425 317 524 379 villam
539 320 669 380 venisset
684 337 775 391 suam,

165 400 245 473 Quae
260 411 360 464 monte
375 422 490 463 summo
505 405 599 483 posita
614 403 728 465 Luculli
744 423 833 466 manu

165 486 339 566 Prospectat
353 487 487 548 Siculum
503 494 533 548 et
547 489 671 566 respicit
686 487 815 551 Tuscum
828 506 924 551 maro:

165 571 209 632 Ex
223 573 384 633 alticinctis
398 590 474 633 unus
489 571 682 642 atriensibus

165 655 219 718 Cui
235 658 333 717 tunica
350 655 387 720 ab
403 659 515 717 umeris
530 657 623 719 linteo
637 657 757 718 Pelusio

164 739 236 801 Erat
251 741 407 811 destricta,
423 743 512 808 cirris
525 741 771 821 dependentibus,

164 824 393 887 Perambulante
409 826 484 888 laeta
499 826 618 887 domino
633 826 748 896 viridia,

165 910 282 971 Alveolo
298 913 395 990 coepit
409 909 508 989 ligneo
522 929 720 990 conspergere

164 994 293 1057 Humum
308 1005 506 1067 aestuantem,
522 1013 606 1058 come
621 998 752 1058 olllcium
765 997 920 1070 iactitans;

166 1080 223 1140 Sed
239 1080 405 1142 deridetur.
434 1080 507 1142 Inde
523 1084 600 1142 notis
615 1079 744 1142 flexibus

164 1163 335 1226 Praecurrit
349 1165 438 1227 alium
454 1167 484 1227 in
499 1174 631 1245 xystum,
647 1165 754 1227 sedans
769 1166 929 1246 pulverem.

164 1252 305 1326 Agnoscit
320 1251 469 1311 hominem
484 1250 591 1312 Caesar
605 1269 728 1330 remque
743 1251 896 1329 intellegit.

164 1334 193 1395 ls
208 1343 239 1395 ut
254 1337 368 1413 putavit
382 1354 448 1396 csse
464 1337 564 1396 nescio
578 1336 651 1415 quid
668 1335 752 1397 boni:

164 1419 258 1480 Heus!
280 1421 377 1500 inquit
392 1420 538 1481 dominus.
568 1419 620 1481 llle
636 1423 787 1481 enimvero
802 1419 910 1491 adsilit,

165 1503 336 1565 llonationis
349 1503 449 1566 alacer
460 1501 562 1565 ¹certae
576 1505 694 1583 gaudio.

164 1587 241 1649 Tum
256 1591 298 1649 sic
314 1591 408 1650 iocata
424 1597 469 1651 cst
483 1596 565 1650 tanta
580 1592 719 1651 maiestas
734 1590 835 1652 ducis:

164 1672 228 1733 Non
244 1673 369 1737 multum
384 1675 471 1752 egisti
487 1682 518 1735 et
532 1692 622 1754 opera
637 1677 815 1753 nequiquam
830 1676 922 1754 perit:

163 1757 254 1819 lllulto
269 1760 391 1820 maioris
405 1759 505 1839 alapae
520 1777 637 1820 mecum
652 1766 790 1820 veneunt

507 1912 697 1974 FABVLA
717 1912 772 1973 VI.

429 2012 592 2073 AQVTLA
609 2011 664 2062 ΕΤ
682 2009 856 2063 cotem

205 2100 313 2162 Contra
329 2106 465 2179 potentes
480 2117 566 2159 nemo
582 2105 627 2158 est
641 2099 772 2158 munitus
787 2098 875 2168 satis:

164 2183 197 2245 Si
213 2202 282 2245 vero
298 2187 422 2245 accessit
437 2183 610 2244 consiliator
624 2182 783 2251 maleficus,

163 2271 215 2331 Vis
229 2277 259 2330 et
274 2270 405 2349 nequitia
420 2267 560 2349 quicquid
577 2274 761 2346 oppugnant,
777 2267 847 2326 ruit

205 2354 308 2433 bquila
323 2356 355 2415 iu
369 2352 496 2414 sublime
511 2351 629 2412 sustulit
641 2350 829 2413 testudinem.

163 2437 244 2510 Quae
260 2457 326 2500 cum
342 2437 506 2500 abdidisset
520 2453 628 2497 cornea
643 2454 751 2515 corpus
767 2434 853 2495 domo

163 2524 225 2585 Nec
239 2524 299 2585 ullo
314 2531 400 2604 pacto
413 2522 491 2584 laedi
507 2528 606 2602 posset
620 2521 749 2591 condita,

163 2609 250 2669 Venit
264 2626 318 2687 per
331 2626 417 2669 auras
432 2609 536 2667 cornix
551 2614 581 2667 et
595 2614 719 2685 propter
733 2604 849 2667 volans:

163 2693 297 2772 Opimam
313 2711 383 2754 sane
398 2692 536 2771 praedam
553 2693 677 2770 rapuisti
692 2689 858 2768 unguibus;

164 2778 222 2840 Sed
237 2779 295 2839 nisi
309 2783 474 2838 monstraro
488 2775 560 2856 quid
575 2778 614 2836 sit
627 2774 795 2837 iaciendum
810 2774 876 2844 tibi,

164 2862 252 2925 Gravi
266 2864 446 2942 nequiquam
461 2867 490 2922 te
506 2859 629 2922 lassabit
643 2859 783 2940 pondere.

163 2947 311 3008 Promissa
327 2954 411 3026 parte
426 2945 545 3015 suadet,
562 2952 595 3004 ut
609 2943 869 3024 scopulum'super

163 3033 237 3093 ltus
252 3031 289 3093 ab
305 3034 393 3093 astris
407 3031 511 3091 duram
525 3029 632 3090 inlidat
645 3031 796 3099 corticem,

163 3114 226 3187 Qua
241 3117 408 3177 conminuta
424 3115 510 3176 lacile
525 3122 663 3174 vescatur
678 3112 756 3174 cibo.

162 3201 285 3262 Inducta
300 3199 399 3260 verbis
414 3199 526 3279 aquila,
543 3200 664 3260 monitis
678 3200 787 3278 paruit,

163 3284 259 3346 Simul
274 3293 304 3346 et
318 3288 476 3362 magistrae
491 3283 572 3360 large
587 3282 688 3344 divisit
701 3282 818 3362 dapem.

163 3369 213 3431 Sic
227 3377 290 3431 tuta
304 3387 379 3448 quae
394 3377 517 3430 naturae
532 3369 630 3429 luerat
643 3385 778 3439 munere,

158 3453 251 3530 inpar
266 3453 380 3515 duabus
395 3454 506 3514 occidit
520 3454 600 3513 tristi
615 3471 698 3513 nece.
