2438 3824
461 188 463 193 ’
517 177 668 237 LIBERI.

117 332 218 395 Facile
233 331 409 411 inpetravit:
431 328 502 391 dein
517 330 688 409 reposcenti
703 329 800 392 locum

117 418 226 478 Preces
240 415 386 485 admovit,
402 421 520 496 tenrpus
535 432 660 475 exorans
675 413 776 484 breve,

118 501 191 563 llum
207 502 354 562 llrmiores
368 498 483 561 catulos
495 506 597 579 posset
611 499 730 560 ducere.

117 587 181 648 Hor.
196 602 313 668 quoque
328 594 502 664 consumpto
518 583 651 662 llagitare
666 584 794 646 validius

118 670 222 732 Cubile
238 672 347 750 coepit.
373 669 404 731 Si
420 669 495 731 milri
510 675 541 729 et
554 668 660 730 turbae
676 687 758 730 meae

117 755 189 827 Par,
205 756 318 836 inquit,
333 772 399 816 esse
413 755 562 834 potueris,
578 752 680 815 cedam
696 754 772 815 loco.

457 904 650 967 FABVLA
670 907 735 967 XX.

412 1005 548 1057 oms
565 1004 783 1059 mmmm,

161 1093 289 1155 Stultum
306 1091 464 1154 consilium
480 1109 538 1152 non
554 1091 640 1152 modo
655 1092 761 1153 ellectu
774 1099 865 1164 caret,

120 1178 177 1239 Sed
194 1178 229 1239 ad
246 1177 411 1258 perniciem
425 1194 543 1256 quoque
560 1176 699 1237 mortales
713 1177 845 1239 devocat.

162 1264 281 1326 Corituu
296 1261 470 1340 depressum
485 1262 515 1321 in
528 1260 617 1321 lluvio
632 1261 770 1324 viderunt
784 1281 883 1326 canes.

121 1348 152 1408 ld
168 1354 201 1409 ut
215 1364 347 1407 comesse
362 1352 527 1406 extractum
541 1353 663 1425 possent
677 1346 802 1417 facilius,

121 1433 234 1511 dquam
248 1446 374 1511 coepere
390 1428 528 1490 ebibere:
550 1429 603 1491 sed
619 1432 698 1510 rupti
714 1434 798 1511 prius
1062 1441 1079 1493 5

121 1515 258 1586 Periere,
274 1533 361 1596 quam
376 1514 455 1595 quod
469 1516 618 1596 petierant
632 1519 847 1595 contingerent.

455 1667 648 1730 FABVLA
669 1670 748 1729 XXL

176 1765 260 1820 mo
279 1765 435 1830 sarm,
452 1767 582 1830 APER,
600 1766 770 1819 'I'AVRVS
786 1769 842 1820 ΕΤ
859 1770 1022 1823 ΑΒΠΠΙ.

164 1850 348 1933 Quicumque
364 1855 464 1914 amisit
478 1853 651 1932 dignitatem
667 1855 834 1933 pristinam,

122 1939 239 2018 Ignavis
254 1941 343 1999 etiam
359 1939 442 1998 iocus
456 1945 502 1998 est
516 1940 547 1998 in
562 1955 632 1999 casu
647 1942 740 2016 gravi.

164 2023 304 2086 Defectus
318 2024 403 2085 annis
418 2029 449 2082 et
464 2022 599 2083 desertus
613 2022 728 2085 viribus

123 2108 183 2170 Leo
197 2126 264 2169 cum
281 2110 392 2169 iaceret
406 2108 544 2187 spiritum
561 2115 726 2169 extremum
742 2109 872 2182 trahens,

124 2196 202 2272 Aper
216 2192 368 2255 fulmineis
382 2192 417 2254 ad
433 2209 502 2252 eum
516 2193 598 2254 veuit
612 2192 752 2255 dentibus
1064 2205 1082 2258 o

124 2278 161 2338 Et
176 2277 335 2339 vindicavit
349 2279 411 2339 ictu
426 2284 556 2338 veterem
572 2278 721 2342 iniuriam.
765 2304 766 2308 ¹

125 2361 244 2423 lnlestis
258 2369 361 2423 taurus
376 2380 441 2422 mor
457 2362 591 2423 confodit
604 2361 746 2424 cornibus

126 2446 238 2506 Hostile
253 2464 370 2526 corpus.
401 2446 524 2515 Asinus,
539 2455 573 2508 ut
588 2446 661 2507 vidit
675 2448 772 2508 lerum

126 2530 237 2610 lupone
254 2530 346 2599 laedi,
362 2530 495 2592 calcibus
510 2532 637 2592 lrorttem
653 2532 777 2594 extudit.

126 2616 162 2677 At
178 2615 226 2676 ille
242 2617 411 2694 exspirans:
441 2616 547 2678 Fortes
561 2616 682 2694 indigne
697 2617 752 2679 tuli

125 2699 198 2761 Mihi
213 2700 371 2761 insultare:
395 2706 438 2770 te,
454 2709 579 2762 naturae
594 2701 731 2772 dedecus,

125 2783 210 2856 Quod
225 2787 306 2846 l'erre
320 2803 424 2863 cogor,
440 2793 522 2846 certe
537 2784 586 2847 bis
600 2786 702 2846 videor
716 2788 803 2849 mori.

450 2937 640 3000 FABVLA
661 2940 756 3000 XXII.

392 3036 594 3089 MVSOEELA
609 3038 664 3089 Er
682 3038 815 3092 HOMO.

168 3121 292 3184 Mustela
307 3121 344 3184 ab
359 3121 479 3183 homine
495 3141 601 3202 prensa
616 3143 682 3185 oum
698 3128 855 3188 instantem
872 3145 975 3191 necem

128 3205 264 3284 Effugere
279 3205 381 3268 vellet:
410 3205 541 3278 Quaeso,
557 3227 660 3288 parce,
677 3212 787 3290 inquit,
804 3213 888 3283 milri,

129 3286 208 3358 Quae
223 3290 278 3350 tibi
296 3291 430 3352 molestis
445 3291 580 3354 muribus
593 3311 687 3373 purgo
702 3295 831 3357 domum.

129 3372 292 3452 Respondit
307 3373 372 3436 ille:
401 3376 528 3438 Faceres
543 3380 567 3438 si
583 3396 670 3439 causa
684 3398 760 3449 mea,

131 3456 252 3519 Gratum
267 3468 346 3519 esset
360 3466 390 3520 et
403 3459 552 3522 dedissem
566 3464 684 3526 veniam
697 3463 857 3544 supplici.⁴
1077 3473 1106 3515 ‘s
