2438 3824
507 183 698 241 APPENDIX.

120 336 262 399 Custodes
277 335 385 397 dantur
399 334 510 396 milites
524 334 699 395 cadaverum

120 420 340 483 Monumentum
356 421 452 489 iuxta,
469 419 578 480 mulier
592 437 651 499 quo
666 437 697 479 sc
714 418 883 480 incluserat

119 504 284 585 Aliquando
299 506 404 565 sitiens
417 522 496 565 unus
510 503 547 564 de
562 502 734 565 custodibus

120 591 232 670 dquam
247 590 361 667 rogarit
376 588 473 649 media
488 595 574 649 nocte
590 587 767 657 ancillulam,

120 673 201 744 Quae
216 674 292 735 lorte
308 672 444 734 dominae
460 679 531 734 tuuc
547 671 708 733 adsistebat
723 689 794 733 suae

119 757 286 820 Dormitum
301 758 400 828 eunti:
417 776 543 837 namque
558 756 767 819 lucubrauerat

120 842 265 923 litusque
282 845 312 903 in
327 860 428 903 serum
442 842 558 919 vigilias
574 841 761 920 perduxerat.

119 926 242 988 Paulum
258 927 385 988 reclusis
397 926 513 987 loribus
529 926 613 987 miles
631 925 777 1006 prospicit

119 1012 265 1091 Videtque
281 1020 311 1073 et
326 1028 461 1088 aegram,
476 1017 508 1071 et
522 1012 598 1072 laoie
613 1010 736 1089 pulchra
752 1011 909 1072 laminam

121 1097 281 1175 Corruptus
296 1096 412 1157 animus
427 1095 496 1156 ilico
511 1094 701 1156 succenditur

120 1180 158 1241 Et
172 1182 270 1241 uritur
284 1181 397 1240 sensim
413 1181 576 1259 inpotentis
590 1178 748 1259 cupiditas.

121 1265 232 1326 Sollers
247 1281 371 1326 acumen
387 1263 468 1324 mille
486 1282 590 1325 causas
604 1266 726 1334 invenit,

120 1349 178 1411 Per
192 1367 267 1428 quas
281 1349 382 1409 videre
400 1355 501 1428 posset
514 1348 632 1409 viduam
647 1350 776 1428 saepius.

122 1433 276 1494 Cotidiana
292 1440 377 1512 capta
392 1431 606 1493 consuetudine

120 1517 265 1579 Paulatim
279 1518 356 1578 lacta
372 1523 418 1577 est
431 1516 561 1578 advenas
576 1516 769 1589 submissior;

120 1601 187 1663 Mon
201 1604 312 1662 artiore
328 1603 422 1662 vinxit
437 1603 566 1662 animum
581 1601 696 1681 copula.

121 1685 176 1748 llic
191 1686 260 1746 dum
277 1687 424 1746 consumit
439 1694 541 1746 noctes
555 1694 654 1746 custos
668 1686 803 1764 diligens,

120 1769 327 1832 Desideratum
343 1777 388 1831 cst
403 1788 511 1850 corpus
526 1789 562 1831 ex
578 1789 634 1831 una
650 1788 749 1830 cruce.

120 1855 270 1916 Turbatus
284 1854 371 1916 miles
385 1855 493 1916 lactum
510 1857 631 1934 exponit
648 1854 775 1915 mulieri.

119 1942 155 2001 At
170 1948 271 2001 sancta
287 1940 410 2001 mulier:
441 1939 506 2001 Non
521 1938 660 2018 estquod
675 1941 795 2009 timeas,
812 1941 862 2011 ait,

118 2024 240 2105 Virique
255 2042 365 2104 corpus
378 2024 471 2085 tradit
482 2023 632 2102 >figendum
647 2025 738 2093 cruci,

121 2108 163 2169 Ne
179 2109 284 2170 subeat
299 2109 348 2169 illo
364 2126 474 2188 poenas
491 2108 705 2187 neglegentiae.

120 2192 170 2253 Sic
183 2193 338 2273 turpitudo
352 2192 449 2255 laudis
464 2192 580 2254 obsedit
593 2193 700 2254 locum.

449 2345 641 2405 FABVLA
662 2344 743 2405 XIV.

160 2443 248 2495 DVO
265 2442 456 2496 wvmrtms
474 2443 624 2495 SPONSI
640 2443 768 2495 umas
785 2445 841 2496 m
857 2445 1040 2501 PAVPER.

182 2523 334 2578 Fortunam
351 2523 493 2578 interdum
509 2533 624 2593 praeter
639 2541 718 2594 spem
735 2524 895 2591 hominibus
910 2527 1016 2583 fovere.

160 2613 253 2675 Vnam
269 2611 449 2692 expetebant
463 2615 608 2692 virginem
624 2617 746 2675 iuvenes
761 2614 837 2686 duo:

121 2699 195 2760 Vicit
210 2696 341 2777 locuples
355 2713 450 2774 genus
464 2708 495 2759 et
509 2700 632 2759 sormam
648 2700 799 2778 pauperis.

121 2784 154 2845 Vt
169 2783 339 2863 nuptiarum
355 2782 453 2843 dictus
467 2783 586 2843 advenit
600 2781 673 2853 dies,

117 2869 227 2929 Amans
241 2865 374 2927 dolorem
389 2868 457 2947 quia
473 2886 531 2927 non
548 2873 664 2947 poterat
679 2871 803 2948 perpeti,

117 2952 252 3013 Maerens
267 2952 451 3031 propinquos
465 2952 589 3012 contulit
601 2969 636 3013 'se
651 2953 682 3013 in
698 2953 840 3024 hortulos,
1061 2961 1091 3014 δ

118 3036 197 3107 Quos
213 3037 290 3097 ultro
305 3037 392 3116 paulo
408 3035 474 3096 villa
491 3035 561 3098 ditis
575 3037 729 3117 splendida

118 3121 189 3182 Erat
204 3129 362 3199 acceptura
378 3122 524 3198 virginem
540 3123 675 3182 amatris
690 3123 767 3193 sinu,

118 3204 226 3264 Parum
241 3203 337 3282 ampla
353 3206 383 3265 in
400 3203 474 3265 urbe
490 3207 550 3266 visa
566 3206 645 3286 quod
660 3207 758 3267 luerat
768 3206 887 3269 domus.

117 3287 228 3366 Pompa
244 3288 422 3366 explicatur,
439 3288 693 3350 turbaconcurrit
707 3292 857 3368 frequens,

117 3370 155 3432 Et
170 3370 356 3448 coniugalem
371 3371 495 3451 praehet
510 3373 697 3452 Hymenaeus
711 3375 815 3434 lacem.
1045 3381 1079 3435 10

118 3455 235 3518 Asellus
249 3462 362 3525 autern,
379 3459 431 3536 qui
446 3455 560 3517 solebat
573 3460 699 3539 pauperi
