2438 3824
473 185 582 241 LIBER
601 185 650 243 ΙΙΙ.
670 183 718 240 IV.
791 179 797 220 3

118 336 157 399 Et
169 337 302 415 graviter
316 353 363 396 me
379 341 475 396 tutare
488 335 604 396 iudicio
620 341 680 396 tuo.

117 420 243 483 Excedit
257 421 374 482 animus
389 438 477 499 quem
492 421 646 500 proposuit
659 419 835 489 terminumt

118 502 177 566 Sed
193 505 353 566 difficulter
367 506 537 566 continetur
551 507 685 584 spiritns,

118 589 301 668 Integritatis
314 591 366 670 qui
382 592 517 651 sincerae
533 592 669 650 conscius

118 675 142 736 d
157 677 313 736 noxiorum
329 675 476 754 premitur
491 673 667 736 insolentiis.

118 757 175 830 Qui
190 761 265 829 sint,
280 761 433 840 requiras:
450 758 635 839 apparebunt
650 765 794 837 tempora.

118 843 194 919 Ego,
210 844 358 924 quondam
372 844 431 921 legi
446 862 533 925 quam
549 862 625 923 puer
639 845 825 912 sententiam,

118 927 243 998 „Palam
259 930 368 988 mutire
383 927 500 1008 plebeio
514 927 663 1008 piaculum
679 935 755 996 est,“

118 1011 193 1073 Dum
209 1015 320 1074 sanitas
335 1012 496 1085 constabit,
511 1013 635 1093 pulcbre
651 1014 824 1072 meminero.

497 1147 700 1161 *-

429 1250 552 1311 LIBER
572 1248 768 1320 QVARTVS.

306 1348 448 1416 bobun
463 1365 523 1415 nn
538 1363 885 1418 Panu1ovuouunc

162 1452 233 1513 Cum
250 1450 441 1512 destinassem
457 1451 617 1512 terminum
630 1452 716 1530 uperi
731 1457 862 1511 statuere

119 1535 153 1596 In
168 1536 239 1604 boc,
256 1543 289 1597 ut
304 1535 370 1596 aliis
385 1543 463 1597 esset
478 1536 619 1596 materiae
634 1538 715 1607 satio,

120 1620 280 1681 Consdium
297 1623 387 1681 taoIto
402 1620 490 1681 corde
506 1620 641 1681 damnavi
656 1638 765 1681 meum.

119 1703 193 1765 Nam
209 1706 303 1784 siquis
317 1705 385 1766 talis
399 1707 487 1766 etiam
504 1705 582 1766 tituli
597 1712 642 1765 est
656 1713 807 1785 appetens,

119 1787 183 1860 Quo
197 1808 256 1850 non
273 1797 357 1869 pacto
372 1789 538 1867 Indagabit,
555 1789 695 1870 quidnam
711 1790 873 1860 omiserim,

118 1874 156 1935 Vt
170 1873 241 1935 illud
257 1876 353 1953 Ipsum
369 1877 470 1955 cupiat
484 1874 579 1934 lamae
596 1873 724 1945 tradere,

119 1959 177 2020 Sua
193 1961 300 2039 cuique
315 1977 382 2019 cum
399 1961 438 2019 sit
453 1960 544 2020 animi
559 1960 700 2036 cogitatio

119 2043 263 2123 Colorque
278 2044 431 2123 proprIusl
460 2042 540 2121 Ergo
554 2061 613 2103 non
627 2041 731 2103 lentas
745 2043 829 2113 mihi,

118 2127 177 2188 Sed
192 2135 273 2188 certa
288 2131 364 2189 ratio
379 2146 497 2189 cansam
513 2127 663 2189 scribendi
678 2127 769 2188 dedit.

119 2211 232 2282 Quare,
248 2211 411 2283 Particulo,
425 2215 564 2293 quoniam
580 2215 697 2292 caperis
711 2212 829 2283 labulis,

121 2294 209 2374 (Quas
224 2298 377 2376 Aesopias,
394 2315 452 2358 non
468 2299 590 2378 Aesopi,
606 2299 737 2366 nomino,

119 2379 193 2452 Quia
209 2398 318 2460 paucas
332 2381 382 2442 ille
397 2382 540 2452 ostendit,
557 2399 612 2460 ego
626 2381 727 2461 plnres
741 2381 815 2452 lero,

119 2464 198 2526 Usus
212 2472 327 2526 vetusto
341 2483 467 2543 genere,
483 2467 534 2528 sed
550 2465 642 2527 rebus
656 2468 740 2527 novis
749 2467 765 2543 ;)

119 2547 262 2620 Quartum
276 2548 424 2622 libellum,
440 2569 506 2612 cum
523 2553 648 2619 vacarit,
665 2552 811 2632 perleges.
829 2578 831 2584 ⁴

120 2633 205 2694 Hunc
220 2632 388 2696 obtrectare
404 2637 430 2697 si
444 2635 521 2697 volet
533 2636 710 2714 nraIIgnitas,

119 2718 233 2780 Imitari
249 2718 316 2779 dum
333 2738 391 2780 non
407 2722 516 2799 possit,
533 2721 679 2782 obtrectet
693 2721 774 2781 licet.

119 2803 191 2864 ldibi
207 2811 289 2882 parta
306 2803 369 2865 laus
384 2812 443 2875 est,
460 2805 537 2885 quod
553 2813 600 2876 tu,
617 2805 694 2886 quod
710 2804 823 2866 similes
837 2805 881 2866 tui

118 2887 238 2950 Vestras
253 2890 284 2949 in
300 2888 417 2950 cbartas
430 2889 521 2950 verba
538 2891 706 2952 transfertis
720 2908 785 2950 mea

118 2972 304 3053 Dignumque
319 2973 405 3052 longa
421 2974 559 3036 iudicatIs
573 2977 725 3036 memoria.

118 3055 315 3119 lnlitteratum
328 3058 464 3138 plausum
479 3077 534 3121 rur
548 3059 705 3120 desidero?

480 3195 672 3256 FABVLA
692 3195 720 3255 Ι.

406 3293 560 3345 ΔΒΠΠΙΕ
576 3293 631 3345 ΕΤ
650 3292 789 3348 GALLI-

162 3376 218 3448 Qui
234 3385 321 3438 natus
335 3385 382 3438 est
396 3378 512 3448 infelix,
529 3397 588 3440 noo
604 3381 692 3439 ultam
708 3380 796 3440 modo

120 3461 248 3524 Tristem
264 3462 411 3532 decurrit,
427 3480 531 3524 vorum
544 3472 612 3544 post
626 3461 740 3526 obitum
754 3481 872 3546 quoque
