2438 3824
127 151 150 216 6
407 155 570 213 muniat
589 153 814 212 FABVLARVM

128 303 210 378 Quae
224 305 295 368 dum
311 312 452 387 paventes
467 307 564 368 exitus
579 313 664 367 notos
678 312 792 386 petunt,

128 391 237 453 Leonis
252 391 434 470 adfliguntur
449 389 599 452 lrorrendo
615 393 728 470 inpetu.

127 474 184 547 Qui
201 484 355 556 postquam
371 475 461 538 caede
477 476 575 536 fessus
591 482 653 545 est,
670 476 786 537 usinum
802 483 903 538 evocat

128 559 270 641 Iubetque
286 578 386 622 rocem
403 578 550 641 premere.
581 559 665 621 Tunc
681 560 732 622 ille
748 561 894 624 insolens:
1015 583 1017 587 ¹

127 644 227 716 Qualis
241 646 358 707 videtur
372 662 463 726 opera
478 644 535 706 tibi
551 646 632 705 vocis
646 645 749 707 meast
764 668 766 717 3

127 729 273 809 Insignis,
290 731 402 811 inquit,
418 731 462 793 sic
477 737 523 816 ut,
539 731 598 797 nisi
615 747 730 791 nossem
746 738 830 792 tuum
893 768 895 770 ψ

127 814 265 878 Animum
279 832 448 895 genusque,
464 814 555 878 simili
570 815 715 893 fugissem
730 821 822 892 metu,

469 966 659 1029 FABVLA
680 967 747 1028 XII.

382 1064 549 1120 OERVVS
566 1067 624 1120 AD
641 1064 826 1120 FONTEM.

166 1151 308 1214 Laudatis
323 1152 459 1222 utiliora,
475 1169 550 1232 quae
566 1154 789 1231 contempseris,

125 1236 221 1316 Saepe
235 1237 362 1297 inveniri
378 1236 452 1298 baec
468 1238 574 1298 asserit
589 1239 729 1298 narratio.

118 1339 121 1343 ¹
166 1321 211 1382 Ad
225 1322 337 1382 fontem
353 1339 472 1391 cervus,
488 1339 555 1382 cum
570 1319 712 1391 bibisset,
728 1323 842 1384 restitit

124 1405 162 1466 Et
177 1407 207 1466 in
223 1405 339 1486 liquore
354 1406 429 1467 vidit
443 1406 571 1482 effigiem
587 1423 681 1466 suam.

124 1489 169 1552 lbi
185 1490 256 1552 dum
271 1507 387 1552 ramosa
402 1491 512 1551 mirans
526 1489 627 1551 laridat
641 1508 751 1551 cornua

125 1576 310 1656 Crurumque
327 1577 447 1636 nimiam
463 1578 639 1636 tenuitatem
655 1576 812 1654 vituperat,

124 1657 287 1722 Venantum
303 1657 402 1721 subito
417 1659 539 1720 vocibus
553 1661 734 1721 conterritus
922 1659 926 1663 ’

122 1744 182 1807 Per
196 1762 332 1824 campum
348 1745 452 1822 fugere
467 1744 566 1823 coepit
580 1750 611 1805 et
625 1761 714 1804 cursu
728 1743 786 1805 leri

123 1829 217 1893 Canes
232 1828 331 1890 elusit.
361 1827 439 1890 Silva
456 1836 518 1890 tum
533 1831 652 1909 excepit
665 1829 772 1898 ferum,

123 1914 157 1976 ln
171 1932 229 1995 qua
245 1915 370 1975 retentis
385 1914 536 1993 inpeditus
549 1913 692 1976 comibus

121 1998 261 2061 Lacerari
276 2000 376 2077 coepit
389 1997 539 2060 morsibus
554 2000 651 2059 saeris
666 2016 781 2060 canum.

123 2083 207 2145 Tunc
221 2084 353 2144 moriens
367 2101 469 2143 vocem
483 2082 560 2143 hanc
576 2083 705 2143 edidisse
720 2083 845 2144 dicitur:

123 2167 209 2230 Ome
225 2167 391 2229 infelicem!
413 2170 465 2247 qui
480 2184 559 2228 nunc
575 2166 692 2229 demum
707 2167 857 2246 intellego,

122 2251 213 2314 Utilia
227 2252 301 2313 milri
317 2270 404 2332 quam
419 2253 546 2321 fuerint,
563 2269 639 2332 quae
655 2251 857 2331 despexeram,

122 2335 167 2405 Et,
183 2355 260 2417 quae
273 2336 442 2408 laudaram,
458 2343 600 2417 quantum
615 2335 712 2398 luctus
726 2336 895 2399 habuerint.

453 2487 649 2554 FABVLA
669 2490 752 2551 xffl.

384 2586 551 2639 merus
568 2587 624 2640 un
642 2585 817 2639 convvs.

163 2671 221 2746 Qui
235 2692 267 2736 se
283 2673 398 2736 laudari
413 2673 522 2752 gaudet
538 2672 636 2734 verbis
652 2671 793 2742 subdolis,

122 2759 193 2822 Sera
209 2758 260 2821 dat
273 2777 385 2839 poenas
399 2766 503 2837 turpes
517 2759 711 2837 poenitentia.

164 2845 236 2907 Cum
252 2844 288 2905 de
303 2844 433 2904 fenestra
448 2860 554 2904 corvus
569 2850 687 2922 raptum
701 2859 820 2904 caseum

121 2930 259 2992 Comesse
275 2927 376 2996 vellet,
394 2927 470 2988 celsa
486 2926 621 2997 residens
636 2925 752 2996 arbore,
798 2937 800 2941 ’

121 3014 230 3094 Vulpes
244 3011 323 3073 bunc
338 3012 428 3082 vidit,
445 3011 553 3073 deinde
568 3012 611 3072 sic
626 3012 724 3090 coepit
739 3011 835 3091 loqui:

121 3098 212 3178 liqui
226 3105 359 3164 tuarum,
376 3114 477 3166 corre,
494 3113 658 3176 pennarum
673 3103 718 3159 est
735 3095 828 3157 nitori

121 3181 268 3254 Quantum
283 3180 402 3241 decoris
418 3198 542 3260 corpore
558 3186 589 3240 et
603 3179 684 3241 vultu
698 3180 794 3259 geris!

121 3267 153 3328 Si
169 3284 270 3327 rocem
285 3264 426 3336 haberes,
443 3264 520 3326 nulla
537 3266 619 3343 prior
634 3264 695 3325 ales
709 3265 797 3326 foret.

121 3353 158 3413 st
172 3352 223 3412 ille
238 3349 358 3420 stultus,
374 3350 443 3411 dum
459 3349 520 3411 vult
534 3367 635 3410 rocem
651 3349 818 3419 ostendere,

120 3435 229 3498 Emisit
242 3453 294 3497 ore
309 3453 443 3506 caseum,
459 3452 548 3516 quem
563 3434 704 3496 celeriter

192 3756 325 3792 -e
