2438 3824
401 183 439 227 j.
509 185 686 243 LIBERIII.
792 185 796 232 ἶ

124 339 194 401 Nam
210 345 240 398 et
255 337 306 398 ubi
322 337 488 398 tricandum
504 343 534 398 et
549 336 601 398 ubi
616 336 798 398 currendum
813 338 853 398 sit
865 335 939 398 seio.

162 423 224 485 Hac
238 419 369 484 derideri
384 421 483 483 sabula
498 424 606 482 merito
621 429 728 501 potest,
1029 425 1080 478 .10

121 506 177 578 Qui
192 510 256 568 sine
272 509 379 568 virtute
391 525 484 568 ¹ranas
498 514 618 567 exercet
632 509 738 567 minas.

456 660 650 720 saurus
671 638 739 719 vn.

375 758 531 810 LVPVS
557 759 620 810 AD
646 759 821 811 cummi.

161 847 254 919 Quam
270 846 365 907 dulcis
380 849 418 907 sit
432 845 570 912 libertas,
587 843 717 905 breviter
732 843 900 925 proloquar.

119 934 193 995 ilani
208 938 347 1012 perpasto
363 933 457 991 macie
473 931 625 991 conlectus
639 930 727 1009 lupus

121 1019 209 1079 Forte
225 1018 402 1077 occucurrit.
434 1015 509 1076 Dein
525 1014 683 1075 salutatum
699 1017 828 1074 invicem

122 1104 156 1163 Vt
171 1104 358 1162 restiterunt:
383 1100 470 1167 ,Vnde
487 1101 545 1167 sie,
561 1117 687 1179 quaese
703 1099 800 1160 nitesi

122 1188 178 1248 lut
192 1205 251 1266 quo
266 1185 332 1245 elbo
347 1185 445 1245 iecisti
461 1191 575 1246 tantum
590 1185 744 1263 corporis?

121 1272 197 1349 Ego,
215 1272 267 1351 qui
283 1288 347 1330 sum
364 1268 448 1346 louge
464 1270 587 1338 lortiur,
603 1287 694 1348 peren
713 1270 800 1330 lame.

120 1357 209 1418 Canis
223 1354 414 1433 simpliciter:
444 1353 554 1414 Eadem
570 1362 615 1415 est
630 1353 763 1415 condicio
778 1353 844 1424 tibi,

121 1440 275 1500 Praestare
291 1439 410 1499 domino
425 1440 451 1498 si
465 1456 521 1518 par
535 1438 665 1500 efficium
680 1446 773 1518 poles.

121 1523 224 1596 Quadi
245 1525 342 1603 inquit
356 1522 416 1584 ille.
448 1524 553 1585 Custos
567 1531 600 1584 ut
614 1525 656 1584 sis
671 1523 792 1598 lirnium,

122 1610 144 1670 Α
159 1608 275 1670 furibus
290 1609 403 1668 tuearis
417 1615 448 1669 et
462 1617 551 1670 noetu
566 1609 696 1670 demum.

121 1694 183 1772 Ego
197 1707 268 1754 vero
283 1711 348 1754 sum
362 1699 498 1773 paratus:
521 1704 600 1755 nunc
615 1695 713 1773 patior
728 1695 811 1754 nives

120 1778 294 1859 Imbresque
309 1780 343 1839 iu
358 1776 439 1839 silv-is
454 1796 589 1857 asperam
605 1780 694 1839 vitam
710 1778 846 1838 trahens:

120 1864 234 1936 Quanto
249 1871 295 1924 est
310 1862 427 1924 lat-ilius
443 1862 516 1923 mihi
533 1862 587 1923 sub
603 1870 682 1923 tecta
696 1863 805 1930 vivere,

120 1949 157 2010 Et
171 1951 298 2010 otiosum
313 1944 396 2026 largo
410 1950 512 2008 satiari
527 1945 623 2007 cibel

119 2034 193 2095 Veni
209 2051 280 2111 ergo
294 2050 420 2093 mecum.
452 2033 526 2092 llum
542 2032 720 2112 procedunt,
736 2032 844 2111 aspicit

120 2119 220 2198 Lupus
235 2137 251 2178 a
268 2125 371 2178 catena
387 2117 494 2177 collum
509 2117 652 2179 detritum
667 2118 743 2178 cani.

120 2203 201 2263 lee
217 2203 286 2271 hoe,
304 2201 416 2262 amice?
446 2200 528 2262 Nihil
543 2209 598 2262 est.
628 2202 696 2272 llic,
713 2205 838 2281 quaeso.
854 2207 964 2261 tamen.

119 2285 193 2358 Quia
208 2286 408 2356 udeora'cer,
425 2286 545 2364 alligant
559 2304 605 2346 me
621 2285 760 2356 interdiu,
788 2323 790 2329 ,
879 2357 880 2360 Ἴ

39 2426 42 2432 ,
120 2371 199 2432 Luce
215 2379 248 2431 ut
264 2372 417 2450 quiescam
433 2377 463 2431 et
476 2370 612 2448 uigilem,
628 2389 686 2431 nox
702 2389 768 2431 cum
785 2371 914 2431 venerit:
995 2375 996 2378 ’

120 2455 299 2534 Crepusculo
313 2455 440 2525 solutus,
458 2473 515 2535 qua
530 2458 626 2516 visum
641 2463 699 2525 est,
716 2473 815 2533 vagor.
1044 2460 1079 2512 20

119 2540 258 2601 Adlertur
272 2539 350 2600 ultro
365 2542 465 2619 panis;
481 2540 518 2600 de
533 2558 634 2601 mensa
649 2556 702 2601 sua

119 2625 174 2686 llat
189 2642 254 2685 ossa
270 2624 422 2695 dominus;
437 2625 532 2685 lrusta
547 2627 658 2686 iactant
672 2625 783 2686 familia

119 2708 168 2778 Et,
185 2707 263 2789 quod
278 2709 393 2770 fastidit
406 2711 547 2789 quisque.
564 2709 803 2788 pulmentarium.

119 2794 169 2856 Sic
185 2796 249 2855 sine
263 2792 365 2854 labore
380 2802 484 2855 venter
499 2795 629 2874 inpletur
644 2812 736 2856 meus.

119 2880 193 2957 Age,
210 2876 293 2939 abire
309 2881 394 2959 siquo
409 2886 455 2939 est
470 2881 600 2949 animus,
617 2887 663 2940 est
677 2879 815 2940 lieentia?
1043 2883 1077 2937 25

118 2963 180 3024 Non
196 2961 282 3042 plane
297 2971 358 3033 est,
372 2965 482 3044 inquit.
512 2963 640 3032 Fruere,
657 2983 732 3044 quae
747 2964 865 3034 laudas,
882 2964 982 3025 canis:

118 3045 252 3125 Regnare
267 3047 351 3117 nolo,
366 3047 446 3109 liber
460 3055 493 3108 ut
508 3065 566 3108 non
574 3050 637 3109 sim
652 3049 736 3110 mihi.

345 3262 348 3269 ,
447 3201 638 3262 FABVLA
660 3202 745 3262 VIH.

395 3299 533 3350 SOROR
549 3300 604 3350 ΕΤ
621 3300 803 3352 FRATER.

159 3383 322 3463 Praecepto
337 3387 465 3444 monitus
480 3402 568 3464 saepe
586 3392 615 3445 te
632 3386 796 3447 considera.

39 3551 43 3558 Ι
118 3466 253 3528 Habebat
267 3467 387 3548 quidam
401 3469 491 3528 tiliam
507 3471 710 3550 turpissimam
