2438 3824
502 197 693 254 APPuuotx.
793 202 795 208 ’

118 349 248 418 Corona,
263 346 363 418 miles,
380 348 517 428 equidem
531 355 561 408 te
577 347 653 408 douo
668 347 774 418 libens,

118 432 200 503 Quod
216 432 371 494 vindicasti
385 431 502 493 laudem
516 431 641 493 llomaui
654 435 770 513 inperi;
804 461 807 472 ι

119 518 176 579 Sed
192 516 393 579 exstillescant
407 516 484 578 oculi
500 518 558 585 sic,
575 518 688 596 inquit,
704 519 782 586 mei,
818 555 820 559 ψ
902 552 905 557 >
946 551 948 556 ·
999 524 1001 528 ‘

118 602 218 682 Turpe
234 600 306 662 illud
321 603 442 662 imitans
457 600 677 663 iusiurandum
693 601 807 672 militis,

118 686 183 747 Nisi
196 695 230 748 tu
245 685 395 770 abstulisti
410 687 542 754 sarcinas
557 703 654 766 nuper
668 704 759 747 meas.

413 803 415 806 ⁴
465 837 729 900 usercam.

309 937 432 1001 mm,
450 937 593 988 VENVS
610 937 666 989 ET
684 936 907 989 (summm
992 954 994 957 ’
1019 927 1023 933 ’

160 1025 232 1086 Cum
248 1027 415 1086 castitatem
429 1022 503 1084 luno
518 1021 653 1085 laudaret
667 1042 759 1093 suam,

117 1108 312 1170 Iucunditatis
327 1127 444 1169 causam
460 1126 519 1168 non
534 1109 645 1187 sprevit
660 1109 768 1176 Venus,

118 1193 294 1272 Nullamque
308 1201 343 1254 ut
356 1193 519 1253 affirmaret
534 1210 599 1253 esse
614 1191 657 1253 illi
672 1211 785 1272 parem,

118 1277 322 1355 Interrogasse
337 1279 381 1337 sic
395 1276 535 1355 gallinam
550 1277 672 1339 dicitur:

119 1362 171 1423 liic
186 1361 286 1432 sodes,
302 1369 414 1440 quanto
427 1364 524 1440 possis
538 1363 641 1422 satiari
656 1360 734 1423 cibo.

118 1446 284 1526 Respondit
298 1445 364 1507 illa:
394 1445 541 1525 Quicquid
556 1445 690 1517 dederis,
707 1448 780 1508 satis
794 1447 863 1519 erit,

120 1530 184 1601 Sic,
200 1539 232 1592 ut
247 1530 391 1592 concedas
406 1530 533 1610 pedibus
547 1529 658 1609 aliquid
674 1530 816 1610 scalpere.

119 1615 163 1677 Ne
178 1614 305 1694 scalpas,
321 1616 432 1694 inquit,
449 1616 520 1676 satIs
536 1624 581 1677 est
595 1616 711 1677 modius
726 1615 837 1676 tritici?
864 1655 866 1659 -

119 1700 224 1770 Plane,
241 1702 331 1760 immo
346 1702 471 1761 nimium
487 1706 546 1770 est,
563 1700 614 1761 sed
631 1703 769 1780 permitte
784 1698 928 1779 scalpere.

118 1784 162 1846 Ex
177 1791 253 1854 toto,
269 1784 379 1863 nequid
394 1785 523 1864 scalpas,
539 1785 610 1864 qnid
626 1784 797 1845 desideras?

119 1869 194 1931 'lum
210 1869 338 1948 denique
354 1868 404 1930 illa
419 1869 496 1930 lassa
512 1877 557 1930 est
571 1877 693 1930 naturae
708 1869 832 1929 malum.

118 1955 202 2016 Licet
216 1953 355 2014 borreum
369 1955 410 2014 mi
426 1959 538 2032 pateat,
555 1970 610 2031 ego
625 1951 753 2032 scalpam
768 1962 879 2014 tamen.

117 2038 230 2100 Risisse
245 2038 318 2099 luno
333 2037 444 2100 dicitur
458 2037 582 2099 Veneris
597 2039 672 2106 loco,

118 2122 192 2193 Quia
207 2142 262 2204 per
276 2122 415 2202 gallinam
429 2121 580 2184 denotavit
594 2123 730 2184 feminas.

470 2275 661 2337 FABVLA
683 2276 719 2335 X.

279 2374 624 2427 PAumRFAMILIAs
642 2375 698 2426 E'l'
714 2373 915 2426 AESOPVS.
933 2387 935 2390 ⁴
1035 2396 1041 2411 ⁴

293 2454 437 2521 Quomodo
454 2455 595 2510 domanda
611 2455 649 2509 sit
664 2456 744 2510 ferox
760 2455 899 2519 iuventus.
917 2517 920 2522 Ι
936 2495 947 2502 Α,
964 2494 965 2498 ,

159 2544 375 2606 Paterfamilias
389 2562 508 2604 saevum
523 2543 652 2606 habebat
668 2545 772 2606 tilium.

118 2630 173 2691 llic
188 2649 204 2690 e
219 2635 379 2709 conspectu
394 2647 460 2689 cum
477 2631 570 2708 patris
583 2636 758 2699 recesserat,

117 2713 300 2775 Verberibus
315 2731 417 2774 servos
431 2712 580 2774 alliciebat
594 2713 731 2794 plurimis

117 2799 154 2861 Et
168 2797 327 2860 exercebat
341 2797 484 2859 fervidam
500 2797 738 2860 adolescentiam.

117 2884 250 2964 Aesopus
263 2900 336 2960 ergo
350 2891 452 2943 narrat
466 2883 521 2943 boc
535 2882 668 2944 breviter
683 2885 763 2944 seni:

117 2967 240 3038 Quidam
256 2969 381 3028 iuvenco
396 2968 525 3028 vetulum
540 2968 722 3046 adiungebat
737 2967 851 3030 bovem.

117 3052 146 3112 ls
160 3070 228 3112 cum
243 3053 395 3129 refugiens
409 3053 507 3132 inpari
523 3052 597 3113 collo
612 3055 714 3132 iugum

117 3136 228 3198 Aetatis
243 3143 399 3197 excusaret
413 3139 492 3197 vires
508 3135 675 3215 languidas:

117 3220 181 3281 Non
196 3220 333 3300 estquod
348 3223 467 3291 timeas,
484 3224 581 3301 inquit
596 3223 640 3284 illi
656 3224 803 3294 rusticus3

117 3302 181 3364 Non
196 3310 229 3365 ut
243 3303 361 3365 labores
376 3306 468 3374 lacio,
484 3307 537 3367 sed
553 3313 585 3367 ut
599 3309 688 3367 istum
704 3308 814 3377 domes,

117 3386 173 3460 Qui
187 3388 267 3449 calce
283 3394 314 3447 et
328 3406 421 3449 cornu
435 3388 543 3451 multos
557 3391 656 3451 reddit
671 3390 794 3452 debiles.

116 3472 153 3535 m
167 3480 199 3534 tu
215 3473 274 3532 nisi
289 3472 379 3532 istum
392 3480 491 3534 tecum
506 3474 622 3535 assidue
637 3474 756 3538 detines

1043 1789 1077 1842 10

1041 3314 1075 3366 10
