2438 3824
517 187 626 244 busun
645 188 695 247 nt

129 340 276 421 Sperante
290 338 433 401 heredem
448 339 543 400 sullicl
558 357 590 400 se
605 340 782 418 proximum.

129 425 186 498 Qui
201 443 268 487 cum
283 425 321 486 de
337 442 430 503 puero
444 423 534 485 multa
550 425 691 485 mentitus
704 425 783 486 loret

128 510 166 573 lit
180 510 264 591 plura
280 509 316 571 de
332 509 453 586 llagitiis
467 515 565 569 castae
580 507 724 579 mulieris,

128 595 243 657 Adiecit
257 594 304 665 id,
319 592 398 674 qnod
412 592 561 653 sentiebat
575 594 702 654 maxime

128 679 294 741 Doliturum
310 678 435 747 amanti,
450 679 596 738 ventitare
611 676 777 740 adulterum

128 763 298 844 Stuproque
312 764 392 842 turpi
408 760 500 842 pollui
515 762 622 823 lamam
638 762 753 823 domus.

127 849 270 910 Incensus
285 847 333 908 ille
349 846 423 908 ialso
438 847 539 907 uxoris
553 848 678 908 crimine

128 932 283 995 Simulavit
297 933 356 993 iter
370 931 406 992 ad
422 930 520 992 villan:
536 931 670 1011 clamque
685 932 717 992 in
732 932 842 1012 oppido
919 992 922 998 .

127 1016 283 1080 Subsedit:
306 1015 413 1077 deinde
430 1023 517 1077 noctu
532 1014 632 1077 subito
647 1018 766 1077 ianuam

126 1099 263 1170 intravit,
279 1108 360 1161 recta
375 1098 544 1161 cubiculum
560 1102 661 1161 uxoris
675 1108 788 1180 petens,

126 1187 160 1248 In
174 1205 233 1268 quo
247 1186 378 1247 dormire
393 1191 490 1245 mater
506 1190 606 1246 natum
621 1186 754 1255 iusserat,

127 1272 260 1334 Aetatem
274 1269 403 1330 adultam
418 1286 539 1330 servans
553 1269 734 1348 diligentius.

125 1355 201 1417 Dum
217 1361 363 1434 quaerunt
377 1352 491 1424 lumen,
507 1352 577 1414 dum
592 1362 770 1416 concursant
785 1356 906 1429 tamilla,

126 1439 191 1500 Irae
207 1439 335 1501 iurentls
349 1440 482 1516 inpetum
497 1455 555 1498 non
571 1441 724 1501 sustinens

126 1524 169 1586 ld
184 1523 293 1586 lectum
308 1521 440 1591 accedit,
454 1524 625 1602 temptatio
640 1523 774 1586 tenebris
788 1533 886 1604 caput.

125 1607 163 1672 vt
176 1609 267 1670 sentit
283 1615 416 1677 tonsum,
431 1606 529 1685 gladio
544 1614 647 1687 pectus
661 1611 808 1688 transigit,

125 1691 207 1756 Nibll
222 1694 405 1772 respiciens.
421 1691 490 1753 dum
505 1690 637 1754 dolorem
650 1694 790 1755 vindicet.

124 1776 259 1840 Lucerna
275 1776 385 1846 adlata,
400 1776 486 1838 simul
502 1776 637 1855 adspexit
652 1778 742 1839 lilium

125 1862 320 1942 Sanctamque
335 1878 457 1923 uxorem
473 1861 669 1923 dormientem
684 1861 831 1934 cubiculo,

124 1946 226 2026 Sopita
241 1949 339 2026 primo
353 1963 429 2024 quae
445 1944 486 2006 nil
502 1963 604 2006 somno
619 1954 768 2016 senserat;

123 2030 368 2112 Repraesentavit
381 2031 412 2091 lu
427 2047 460 2091 se
475 2047 598 2109 poenam
614 2031 755 2092 iocinoris

122 2116 161 2179 lit
174 2118 256 2178 ierro
270 2114 424 2195 incubuit,
438 2114 517 2194 quod
532 2115 692 2176 credulitas
707 2116 877 2178 strinxerat

123 2201 316 2263 Accusatores
330 2199 517 2279 postularunt
532 2200 685 2260 mulierem

122 2283 302 2366 Romamque
317 2290 526 2363 pertraxerunt
540 2282 577 2345 ad
592 2287 799 2346 centumviros.

122 2368 247 2447 Maligna
263 2372 409 2430 insontem
425 2367 568 2447 deprimit
582 2371 717 2448 suspitio,

122 2451 204 2524 Quod
222 2451 298 2514 bona
312 2452 470 2532 possideat.
499 2451 584 2514 Stant
599 2455 716 2532 patroni
732 2454 851 2515 lortiter

121 2537 245 2601 Causam
261 2544 379 2599 tuentes
394 2539 561 2598 innocentis
575 2537 711 2599 leminae.

163 2623 187 2684 t
203 2621 275 2683 Divo
290 2620 422 2698 Augusto
435 2628 507 2682 tunc
521 2624 634 2701 petiere
649 2622 773 2693 iudices,

120 2705 157 2769 Vt
171 2706 324 2768 adiuvaret
338 2707 415 2767 iuris
429 2705 548 2766 iurandi
564 2706 662 2775 iidem,

119 2790 204 2864 Quod
220 2793 300 2871 ipsos
314 2807 401 2851 error
415 2790 600 2868 inplicuisset
614 2793 759 2853 criminis.

119 2875 176 2949 Qui
191 2884 346 2957 postquam
361 2873 501 2936 tenebras
516 2874 638 2955 dispulit
653 2877 817 2939 calumniae

120 2961 299 3041 Certumque
312 2960 426 3022 iontem
441 2960 575 3020 veritatis
590 2963 737 3040 repperit:

117 3044 209 3115 Luat,
226 3046 337 3125 inquit,
353 3061 465 3124 poenas
477 3061 567 3105 causa
580 3042 708 3107 libertus
722 3046 806 3118 mali:

118 3128 252 3210 Namque
267 3128 370 3191 orbam
386 3136 454 3190 nato
469 3128 557 3194 simul
572 3136 603 3190 et
618 3131 761 3210 privatam
776 3134 841 3191 viro

118 3212 315 3275 Miserandam
330 3215 530 3293 potiusquam
546 3212 741 3276 damnandam
756 3217 904 3277 existimo.

118 3295 203 3368 Quod
219 3298 244 3357 sl
260 3295 354 3358 delata
369 3305 572 3377 perscrutatus
586 3301 712 3360 crimina

118 3379 335 3442 Paterfamilias
348 3390 442 3452 esset,
464 3384 489 3443 si
503 3381 689 3444 mendacium

119 3463 276 3527 Subtiliter
289 3465 440 3537 rimasset,
456 3484 474 3528 a
488 3464 640 3527 radicibus
