2438 3824
120 167 165 234 52
398 175 561 231 rustum
580 176 806 232 nannum

464 360 657 421 PABVLA
676 361 733 421 IV.

337 459 626 511 momnvs
642 460 699 511 ΕΤ
714 458 866 511 nom.

401 540 446 595 De
462 541 583 595 veritate
599 544 631 596 et
645 541 802 595 mendacio.

163 646 242 710 otim
255 646 451 708 Prometheus
463 647 557 707 seculi
571 647 680 724 figulus
693 648 763 708 nori

121 731 199 794 Cur:
213 732 317 793 subtili
333 733 494 792 Veritatem
508 733 631 801 leterat,

122 816 160 877 vt
173 820 239 878 iura
253 825 355 897 posset
367 819 448 876 inter
462 817 598 877 homines
611 817 750 877 reddere.

122 900 230 962 Subito
242 904 407 962 accersitus
419 903 524 962 nuntio
537 904 638 978 magni
652 901 731 961 loris

122 986 313 1047 Commendat
326 987 476 1047 officinam
489 985 589 1046 fallari
603 985 686 1053 holo.

121 1069 157 1131 ln
170 1070 359 1150 disciplinam
373 1089 471 1150 nuper
484 1088 574 1150 quem
588 1077 755 1149 receperat.

122 1154 178 1216 flio
191 1156 292 1217 studio
303 1173 461 1224 aseensus,
475 1155 553 1215 laeie
566 1155 760 1215 simulacrum
774 1155 852 1232 pari,

122 1239 184 1301 Vns
199 1248 326 1308 natura,
341 1241 439 1300 simile
453 1247 485 1298 et
497 1239 642 1299 memhris
654 1238 803 1307 omnium,

121 1322 199 1386 hum
212 1333 331 1404 tempus
344 1324 464 1393 hahuit,
479 1323 585 1384 callida
599 1325 685 1385 linxit
701 1342 801 1383 manu.

121 1406 207 1479 Quod
221 1427 313 1489 prope
328 1411 388 1469 iam
401 1417 496 1470 totum
510 1411 586 1469 mire
598 1426 667 1468 eum
680 1411 810 1487 positum
824 1408 912 1478 lueet

120 1492 230 1556 Lutum
244 1494 281 1555 ad
295 1493 447 1554 iaciendos
459 1492 505 1553 illi
519 1493 629 1553 defecit
642 1493 746 1572 pedes.

121 1576 211 1641 Redit
225 1581 380 1656 magister,
396 1597 456 1658 quo
469 1579 646 1638 lestinanter
660 1577 751 1638 Dolus

122 1663 203 1725 lietu
216 1663 354 1725 turhatus
365 1664 397 1723 in
410 1681 465 1723 suu
478 1663 557 1722 sedit
570 1661 645 1722 loco.

122 1748 234 1810 ilirans
247 1747 443 1810 Prometheus
455 1755 568 1808 tantm
581 1745 815 1817 similitudinem,

122 1832 264 1913 Propriae
279 1833 375 1894 rideri
389 1833 483 1894 voluit
496 1835 572 1893 artis
584 1832 720 1910 gloriam.

121 1917 217 1997 Igitur
230 1920 344 1979 fornaci
359 1920 473 1997 pariter
487 1917 546 1978 duo
560 1919 645 1994 sigua
659 1916 777 1987 intulit;

121 2000 238 2074 Quibus
252 2005 402 2083 percoctis
416 2010 504 2082 atque
519 2003 618 2062 inluso
631 2003 749 2079 spiritu,

122 2087 254 2149 Modesto
265 2104 372 2165 gressu
386 2096 486 2148 saneta
501 2088 625 2147 inoessit
638 2085 770 2156 l'eritas;

122 2174 160 2234 at
172 2182 278 2234 uunca
292 2174 408 2252 species
423 2171 520 2233 haesit
534 2173 566 2231 iu
581 2173 716 2247 vestigio.

122 2256 207 2318 Tunc
220 2256 292 2318 laha
307 2259 406 2335 imago
419 2264 508 2336 atque
522 2257 624 2334 operis
638 2256 742 2315 lurtiri
756 2253 840 2314 lahor

122 2341 307 2403 Mendacium
323 2340 502 2420 adpellatum
517 2349 577 2410 est;
592 2339 671 2419 quod
685 2339 866 2415 negantibus

122 2425 218 2488 Pedes
232 2426 342 2487 hahere
358 2427 454 2487 iarilis
468 2434 514 2486 est
528 2426 695 2484 consensio.

164 2510 305 2573 Simulata
321 2511 472 2571 interdum
487 2512 559 2571 vitia
573 2517 699 2589 prosunt
716 2507 896 2579 hominihus,

122 2595 181 2658 Sed
194 2603 329 2677 tempore
342 2598 409 2678 ipso
423 2604 522 2657 tamen
537 2600 661 2674 apparet
675 2596 797 2656 veritas.

478 2747 672 2809 FABVLA
691 2747 730 2807 V.

506 2844 690 2898 AVCTOR.

295 2928 412 2986 Sensum
428 2926 633 2982 aestimandum
650 2943 723 2992 essa,
741 2942 798 2981 non
815 2926 911 2981 verbs.

163 3037 248 3098 lslou
261 3035 340 3117 quod
355 3037 468 3095 versari
483 3040 622 3094 narratur
635 3043 709 3102 rota,

122 3120 288 3182 Volubilem
305 3120 465 3182 Fortunam
479 3121 584 3181 iactari
599 3118 695 3179 docet.

123 3207 271 3267 Adversus
285 3205 360 3267 altos
374 3203 520 3284 Sisyphus
533 3210 650 3264 montes
664 3221 755 3280 agens

123 3290 233 3353 Sarum
247 3289 348 3353 labore
363 3307 493 3359 summo,
508 3288 587 3369 quod
602 3288 639 3349 de
655 3289 775 3357 vertice,

123 3376 237 3438 Sudore
252 3393 371 3455 semper
386 3376 474 3435 irrito
489 3373 660 3443 revolvitur,

123 3460 261 3525 Ostendit
274 3460 428 3523 huminum
442 3460 507 3521 siue
522 3458 579 3520 fine
595 3476 661 3520 esse
677 3458 821 3519 miserias.
