2438 3824
528 193 637 249 LIBER
656 192 679 251 L

380 356 383 362 '
468 342 660 405 FABVLA
685 343 742 402 ΠΙ.
839 374 842 381 ·

269 441 492 496 GRAOVLVS
509 441 729 494 svl’tnltssvs
746 440 802 492 ET
819 439 946 494 Pavo·

167 526 211 591 Ne
226 529 347 608 gloriari
362 528 456 590 libeat
470 530 575 591 alienis
595 527 683 589 bonis

126 611 243 694 Suoque
258 616 357 695 potius
372 613 476 675 habitu
492 615 582 676 vitam
597 613 715 691 degere,

124 698 258 778 Aesopus
273 698 429 760 nobishoc
444 699 612 778 exemplum
628 697 769 777 prodidit.

166 782 297 845 Tumens
312 783 392 844 inani
406 782 545 860 graculus
560 781 709 864 superbia,

124 866 241 929 Pennas
254 870 360 948 pavoni
376 887 451 948 quae
466 868 641 929 deciderant
654 866 773 928 sustulit

125 951 221 1033 Seque
237 955 402 1015 exornavit.
432 952 546 1014 Deinde
561 960 753 1013 contemnens
768 966 838 1012 suos

125 1036 162 1096 Se
178 1038 329 1099 inmiscuit
343 1056 486 1117 pavonum
502 1039 632 1099 formoso
646 1037 742 1115 gregi.

124 1120 168 1182 llli
185 1122 340 1201 inpudenti
355 1140 469 1202 pennas
483 1124 616 1202 eripiunt
630 1124 677 1183 avi

124 1205 297 1287 Fugantque
312 1209 428 1268 rostris.
458 1207 532 1269 lllale
547 1206 693 1268 mulcatus
707 1204 847 1284 grannius

124 1289 233 1350 Redire
250 1309 385 1352 maerens
400 1293 497 1370 coepit
512 1291 549 1353 ad
563 1293 718 1371 proprium
734 1307 844 1368 genus;
1023 1318 1027 1330 ‚
1051 1295 1084 1348 10

123 1375 147 1434 A
162 1393 221 1454 quo
234 1376 372 1454 repulsus
385 1378 503 1437 tristem
517 1377 657 1452 sustinuit
671 1384 781 1436 notam.

123 1456 148 1518 T
150 1477 198 1520 um
214 1457 332 1539 quidam
348 1461 473 1531 exiliis,
490 1478 564 1541 quos
578 1459 661 1541 prius
676 1461 871 1540 despexerat:-

123 1542 285 1605 Contentus
299 1547 408 1606 nostris
418 1547 448 1623 si
463 1546 573 1606 luisses
587 1544 709 1606 sedibus

121 1626 159 1688 Et
173 1628 251 1708 quod
266 1637 371 1690 natura
387 1629 510 1691 dederat
526 1629 667 1691 voluisses
681 1631 753 1708 pati,

121 1709 183 1773 Neo
198 1711 278 1775 illam
294 1724 434 1793 expertus
448 1732 530 1776 esses
544 1715 752 1775 contumeliam

120 1794 182 1858 Nec
197 1799 273 1860 hano
288 1798 438 1879 repulsam
453 1808 503 1862 tua
518 1802 645 1860 sentiret
658 1799 821 1860 calamitas.

373 1935 375 1938 ‘
463 1950 657 2012 rnssvnn
681 1951 735 2012 ru.

181 2048 307 2100 oms
324 2048 410 2100 PER
427 2048 628 2101 nhvvmt
645 2049 825 2102 ΟΔΒΝΕΜ
840 2048 1018 2103 mma

160 2134 277 2195 Amittit
291 2137 399 2196 merito
414 2138 570 2216 proprium
585 2137 637 2216 qui
653 2135 782 2197 alienum
798 2136 922 2216 adpetit.
1016 2179 1018 2185 -

119 2218 207 2279 Canis
221 2237 276 2298 per
291 2219 400 2280 llumen
416 2238 535 2282 carnem
553 2220 621 2281 dum
637 2221 732 2281 ierret
746 2229 861 2292 natans,

118 2301 317 2381 Lympharum
333 2307 363 2365 in
379 2305 499 2384 speculo
512 2305 587 2366 vidit
602 2305 792 2367 simulacrum
807 2324 902 2378 suum.

120 2386 271 2466 Aliamque
287 2389 427 2466 praedam
442 2388 479 2450 ab
495 2390 589 2451 altero
603 2390 678 2450 ferri
693 2397 800 2468 putans

118 2469 244 2549 Eripere
260 2472 366 2534 voluit:
390 2492 492 2535 verum
508 2474 630 2554 decepta
648 2475 772 2538 aviditas

118 2553 155 2616 Et
170 2574 258 2635 quem
274 2557 395 2618 tenebat
410 2577 461 2619 ore
477 2559 588 2619 dimisit
603 2558 712 2629 cibum,

117 2637 180 2701 Neo
194 2657 282 2720 quem
297 2642 419 2721 petebat
432 2646 530 2723 potuit
544 2644 618 2705 adeo
633 2645 798 2722 adtingere.

467 2779 660 2840 FABVLA
687 2780 725 2840 V.

255 2877 411 2940 VAO0A‚
429 2877 638 2942 cAPELLA,
656 2879 755 2930 OVIS
771 2879 825 2932 ΕΤ
843 2879 937 2935 ΒΕΘ.

158 2961 324 3043 Numquam
341 2971 385 3024 est
402 2963 499 3024 fidelis
513 2982 580 3025 cum
597 2972 717 3044 potente
733 2967 875 3027 societast

117 3045 256 3109 Testatur
271 3047 345 3108 haec
359 3047 466 3109 labella
481 3052 666 3128 propositum
680 3067 789 3110 meum.

161 3133 252 3192 Vacca
267 3139 296 3193 et
311 3132 421 3212 capella
439 3140 469 3193 et
483 3137 600 3213 patiens
614 3137 677 3195 ovis
693 3136 822 3196 iniuriae

117 3214 196 3275 Socii
212 3217 296 3277 luere
311 3235 377 3277 cum
395 3217 479 3278 leone
494 3219 525 3278 in
541 3217 675 3279 saltibus.

116 3297 152 3358 Hi
167 3317 234 3360 curn
251 3302 398 3379 cepissent
412 3319 533 3363 cerrum
548 3305 622 3363 vasti
637 3307 784 3382 corporis

118 3381 168 3441 Sic
183 3392 229 3444 est
242 3382 357 3445 locutus
372 3385 508 3464 partibus
523 3387 609 3448 lautis
625 3388 687 3448 leo:

116 3464 179 3544 Ego
193 3469 321 3548 primam
336 3469 422 3542 tollo,
438 3472 575 3532 nominor
589 3474 732 3554 quoniam
743 3475 813 3548 leoz

847 3567 898 3634 qs
