2438 3824
316 169 364 224 DE
378 170 540 225 PHAEDRI
553 171 641 226 VITA
655 171 702 225 ΕΤ
716 169 883 228 scaleam.
1044 179 1084 230 1x

119 320 186 380 bam
207 327 349 389 exeunte,
378 323 464 384 cuius
488 323 554 382 vitii
579 321 708 401 plurima
730 322 864 402 exempla
882 320 1018 382 Phaedra
1037 322 1083 385 in.

119 404 214 464 tulere
234 405 324 466 docti.

182 488 380 569 hnapaestum
401 489 512 570 ubique
539 509 594 571 pra
616 491 747 571 spondeo
769 493 840 572 paui
868 493 913 553 las
935 498 994 562 est,
1025 510 1083 572 qua

118 582 218 635 tamen
239 582 360 654 praeter
378 577 508 656 primum
528 582 559 636 et
579 576 716 654 quintum
737 576 834 638 lacum
853 595 914 638 nan
935 578 975 655 ita
993 593 1082 657 saepe

118 661 213 721 utitur
234 661 363 739 scriptor
384 662 484 730 venia,
507 678 563 720 nec
584 679 654 721 vero
677 679 815 741 umquam
837 660 874 722 ab
895 661 1000 722 eadem
1018 660 1082 722 bini

119 745 331 805 continuantur
351 745 443 825 pedes
461 744 618 806 eiusmodi.
662 744 784 826 Dactylo
800 748 831 807 in
847 748 943 826 prima
963 747 1081 826 potissi·

119 846 200 889 mum
220 831 368 910 tertiaque
387 837 417 890 et
431 837 537 910 quarta
552 830 622 890 sede
637 829 721 891 lacus
736 838 791 891 est.
835 830 1082 893 Praaeleusmati·

120 932 173 976 cus
187 920 303 975 tantum
318 917 404 976 initio
420 917 531 976 senarii
547 914 716 976 adhibetur.
746 914 906 978 Praeterea
921 916 1082 977 natandum

120 1000 196 1060 arsis
212 999 367 1060 solvendae
383 1018 495 1061 marem
511 1000 567 1061 etsi
584 1002 656 1060 satis
677 1001 881 1080 frequentem,
901 1008 1002 1062 tamen
1017 1001 1083 1081 plu-

120 1085 230 1145 rimum
245 1086 276 1145 in
290 1084 442 1146 vocabulis
456 1085 524 1164 plus
538 1103 626 1164 quam
643 1083 796 1164 disyllabis
811 1087 952 1146 inveniri.
978 1084 1022 1146 En
1037 1087 1083 1146 eis

120 1171 309 1248 excipiuntur
328 1171 553 1230 tribraclaaram
578 1168 624 1231 vel
650 1171 681 1230 ia
704 1169 888 1233 tribrachum
911 1172 1083 1232 exeuntium

115 1262 223 1330 partes
237 1255 428 1328 paenultima
442 1261 472 1314 et
485 1257 606 1328 ultima,
632 1256 663 1314 in
683 1273 771 1335 quam
794 1256 918 1317 solutam
933 1258 1017 1316 arsin
1034 1274 1082 1316 ca·

121 1338 192 1399 dere
204 1338 297 1399 nesea.
313 1338 366 1399 Est
376 1338 428 1399 uhi
443 1340 475 1400 in
491 1338 645 1419 disyllabis
660 1340 833 1403 admittatur
848 1341 968 1410 eadem;
985 1342 1083 1401 rarius

121 1422 215 1483 multo
231 1424 331 1483 evenit
351 1430 384 1484 ut
404 1423 605 1504 monosyllabo
625 1433 769 1504 sequente
790 1425 962 1506 plusquam
978 1420 1081 1487 mana·

122 1506 234 1586 syllaba
248 1508 435 1569 contineatur
450 1511 539 1578 arsis,
562 1516 595 1569 ut
610 1516 678 1588 puta
695 1511 739 1570 sic

229 1591 424 1654 calumniator
440 1592 477 1654 ab
492 1611 545 1653 ava
561 1612 629 1654 cum
644 1601 762 1673 peteret
776 1599 868 1658 canis

227 1683 257 1737 et
270 1680 369 1756 rapiet
383 1678 418 1740 ad
434 1696 466 1739 se
481 1678 560 1758 quad
575 1681 634 1741 erit
648 1697 804 1741 commune
822 1682 965 1742 omnium.

121 1760 279 1823 Praeterea
299 1762 441 1824 notabilis
465 1764 517 1824 sed
538 1763 670 1841 legitima
697 1767 782 1825 verria
806 1773 887 1827 tutus
909 1764 1083 1846 appendicis

111 1864 227 1908 ‚versus
244 1843 313 1927 [10,
332 1844 386 1925 10y
403 1848 469 1908 hic:

226 1950 286 1993 non
301 1939 335 1993 ut
349 1932 468 1993 labores
482 1933 574 2002 lacio,
595 1935 651 1993 sed
663 1941 696 1994 at
711 1936 800 1996 istum
817 1934 934 2006 dames3

228 2017 286 2077 nisi
304 2019 403 2096 potius
418 2017 585 2078 scribemus
600 2017 669 2078 ‘sed
686 2020 728 2079 uti
745 2023 852 2079 stum'.

121 2101 223 2172 Quinti
238 2101 323 2182 pedis
338 2105 419 2163 arsin
430 2120 489 2163 non
505 2102 575 2162 licet
590 2102 662 2163 salvi
679 2104 736 2164 nisi
753 2102 894 2164 vacabulo
909 2104 976 2185 plus
994 2122 1083 2184 quam

121 2186 274 2266 trisyllaba
295 2186 448 2249 claudente
471 2194 613 2256 metrum,
640 2205 657 2247 a
677 2206 736 2266 qua
756 2205 859 2249 norma
879 2190 928 2249 vix
948 2196 1017 2251 sunt
1038 2189 1083 2250 di·

121 2289 205 2331 versa
221 2271 294 2331 haec
311 2269 358 2352 [V,
376 2269 410 2341 7,
426 2268 478 2332 22.
500 2290 568 2351 app.
585 2268 619 2341 9,
636 2267 671 2352 6]

226 2354 346 2435 quidam
361 2359 392 2417 in
409 2364 599 2436 conspectum
615 2357 804 2435 proditurum
820 2358 884 2418 sine
900 2376 992 2419 mara.

228 2440 383 2518 respondit
397 2442 462 2502 illa:
483 2441 625 2522 quicquid
642 2441 762 2502 dederis
777 2443 850 2503 satis
865 2445 931 2504 erit.

122 2523 210 2584 Arsin
230 2523 331 2584 diduci
349 2533 489 2600 sequente
512 2533 680 2602 anapaesta
700 2526 746 2587 val
760 2528 916 2588 tribracho
935 2547 994 2589 non
1014 2547 1083 2609 per·

123 2610 263 2668 mittitur.
312 2609 471 2688 anapaesti
496 2610 595 2671 thesin
621 2611 763 2673 vacabulo
788 2614 886 2672 minas
910 2629 1000 2688 paam
1029 2617 1083 2674 tri·

121 2694 238 2771 syllaba
264 2696 412 2755 contineri
439 2695 594 2756 nonlicet
619 2703 740 2774 praeter
767 2698 899 2775 primum
919 2696 1027 2777 pedem
1054 2704 1085 2758 et

121 2777 280 2944 {gquagila
306 2780 442 2859 quintum
468 2777 539 2860 [111,
564 2776 616 2848 10,
638 2776 669 2840 4.
716 2777 843 2849 14,11.
884 2800 951 2861 app.
976 2778 1030 2851 19,
1052 2779 1083 2844 3.

185 2947 344 3010 Praeterea
364 2947 539 3010 observatur
560 2967 596 3009 ne
617 2968 757 3029 umquam
784 2968 837 3030 pes
863 2951 1012 3012 secundus
1037 2952 1084 3013 vel

121 3035 229 3094 tertius
255 3037 316 3094 sive
343 3041 466 3112 quartus
486 3036 673 3095 contineatur
696 3033 837 3095 vocabulo
857 3037 888 3096 in
910 3036 1083 3115 spondeum,

122 3127 327 3196 anapaestum,
349 3117 496 3198 dactylum
517 3126 653 3178 exeunte.
692 3117 773 3179 Nulli
788 3120 882 3196 igitur
897 3138 1001 3182 versus
1015 3127 1085 3182 suut

123 3209 246 3281 utputa
267 3202 357 3264 tales:

228 3290 392 3360 recusauit,
409 3287 486 3368 quod
503 3285 620 3347 clausae
635 3295 720 3347 erant
735 3287 878 3348 stomachi
894 3290 969 3349 viae.

229 3379 259 3432 et
273 3373 410 3450 protinus
424 3373 569 3433 auaritiam
584 3379 689 3451 petens
704 3388 791 3431 auser
807 3373 907 3433 simul.

140 3484 145 3490 ·
228 3454 295 3517 cibo
310 3457 487 3538 impleretur
501 3459 652 3516 servitiam
667 3463 856 3533 negaverant.
