2438 3824
172 175 216 244 54
450 185 613 242 11111111
632 186 856 244 scammum

173 335 323 416 Numquid
338 335 409 407 tibi,
425 338 537 417 inquit,
553 337 634 398 risus
649 356 713 398 sum
729 337 903 418 superbiorl
980 364 984 374 ³
1022 354 1025 361 ’
1060 347 1062 351 ’

172 420 256 482 Haud
271 440 344 482 vana
359 421 469 483 nobis
461 423 563 521 ingeni
577 422 685 482 lldueia
701 431 767 484 111.

173 505 330 566 Confectus
344 506 394 567 ille
409 509 538 586 pessimo
553 507 715 567 volumine:
856 555 857 558 ,

172 589 251 667 Ego,
267 591 378 669 11111111,
394 591 473 671 quod
488 598 516 651 te
531 591 634 652 laudas
649 592 840 652 vehementer
854 590 959 674 probo,

172 673 305 778 Namque
320 675 376 736 hoc
391 674 428 736 ab
444 674 501 736 alio
517 693 677 756 numquam
692 679 844 754 continget
860 676 927 738 tibi.

432 802 436 810 ’
502 827 695 890 recrea
713 829 798 890 vm.
1003 874 1005 876 .

270 926 487 979 POMPEIVS
504 926 683 979 MAGNVS
699 928 755 979 ΕΤ
771 927 871 979 ms
887 928 1028 982 mnus,

380 1008 471 1074 Quam
488 1008 601 1063 difficile
619 1007 657 1063 sii
672 1007 815 1064 hominem
831 1025 921 1066 nosse.

213 1098 311 1176 Magni
326 1099 450 1179 Pompei
464 1098 549 1158 miles
564 1101 639 1158 vasti
653 1100 789 1178 corporis
849 1125 851 1128 ⁴

172 1183 278 1244 Fracte
294 1184 442 1263 loquendo
455 1191 485 1244 et
499 1181 677 1244 ambulando
692 1183 821 1244 molliter

172 1268 292 1329 Famam
307 1268 422 1329 cinaedi
438 1274 569 1328 traxerat
583 1269 791 1329 certissimam.

171 1353 227 1413 Hic
242 1353 397 1414 insidiatus
411 1360 496 1413 nocte
511 1354 653 1412 iumentis
668 1352 761 1422 ducis,

171 1438 243 1499 Cum
258 1444 338 1498 veste
354 1443 384 1498 et
398 1456 470 1498 auro
486 1443 516 1496 et
530 1454 636 1514 magno
651 1440 767 1514 argenti
782 1438 914 1517 pondere

170 1525 284 1583 Avertit
298 1522 403 1582 mulos.
432 1522 555 1582 Factum
570 1538 673 1582 rumor
687 1522 827 1602 dissipat;

170 1609 313 1685 Arguitur
327 1607 427 1676 miles,
443 1608 560 1685 rapitur
575 1608 606 1667 iu
621 1608 814 1685 praetorium.
872 1638 873 1642 =

171 1691 246 1752 'l'urn
262 1691 398 1770 Magnus:
414 1690 523 1761 ,Quint
544 1693 600 1761 ait,
617 1698 687 1751 tune
703 1708 767 1760 me,
783 1692 953 1763 commilito,

171 1776 303 1856 Spoliare
319 1794 352 1837 es
366 1776 473 1837 aususl
502 1775 553 1836 llle
569 1778 710 1836 continuo
724 1783 858 1836 exscreat

171 1860 236 1923 Sibi
252 1864 283 1921 in
298 1862 494 1921 sinistramet
509 1860 627 1940 sputum
643 1861 744 1938 digitis
760 1861 895 1939 dissipat.

171 1946 234 2016 Sic,
251 1948 427 2024 imperator,
444 1945 521 2006 oculi
539 1945 739 2006 exstillescant
754 1947 823 2014 mei,

171 2030 202 2091 Si
217 2031 276 2090 vidi
292 2036 343 2091 aut
357 2032 452 2107 tetigi.
483 2028 558 2090 'l'um
574 2032 619 2090 vir
634 2031 727 2090 animi
741 2029 885 2108 simplicis

169 2114 202 2176 ld
217 2115 346 2176 dedecus
361 2122 527 2175 castrorum
543 2113 667 2194 propelli
683 2114 775 2184 iubet,

170 2200 232 2261 Nec
247 2199 353 2260 cadere
369 2200 400 2258 in
415 2198 499 2259 illum
515 2199 610 2258 credit
625 2207 736 2260 tantam
752 2199 913 2261 audaciam.
998 2258 1000 2263 .
1028 2246 1029 2249 ,
1071 2178 1073 2182 Α
1099 2178 1102 2183 ’

169 2283 264 2345 Breve
279 2290 397 2363 tempus
411 2285 596 2352 intercessit,
612 2290 642 2343 et
657 2282 750 2343 tideus
764 2301 854 2343 manu

169 2370 264 2430 Vnum
279 2387 295 2429 e
310 2368 450 2429 Romanis
465 2366 643 2446 provocabat
657 2367 814 2429 barbarus.

170 2453 234 2515 Sibi
249 2456 376 2533 quisque
392 2454 510 2522 metuit:
528 2455 616 2532 primi
631 2455 702 2532 quin
718 2459 852 2513 mussant
867 2453 967 2516 duces.

169 2537 301 2599 Tandem
316 2538 458 2599 cinaedus
472 2537 589 2607 babitu,
605 2536 656 2597 sed
673 2538 751 2599 Mars
765 2536 889 2608 viribus,

169 2625 238 2684 Adit
252 2622 404 2683 sedentem
419 2640 474 2701 pro
488 2621 633 2683 tribunali
648 2622 762 2691 ducem,

169 2708 207 2770 Et
221 2726 292 2768 voce
307 2707 402 2767 molli:
428 2707 530 2767 Liceti
552 2707 711 2767 Enimvero
726 2709 784 2768 eici

168 2794 271 2854 Virum
286 2799 318 2853 ut
333 2794 364 2852 in
379 2809 413 2851 re
428 2793 522 2853 atroci
536 2791 660 2869 Magnus
674 2792 861 2854 stomachans
874 2795 1003 2874 inperat.

169 2877 244 2939 Tum
259 2877 379 2958 quidam
394 2877 495 2937 senior
510 2895 545 2936 ex
561 2878 665 2936 amicis
679 2878 839 2956 principis:

168 2963 253 3024 Hunc
269 2979 323 3040 ego
338 2963 482 3022 committi
498 2963 590 3021 satius
604 2960 753 3022 Fortunae
769 2961 908 3032 arbitror,

168 3047 202 3109 ln
217 3066 275 3127 quo
290 3049 403 3107 iactura
417 3045 491 3106 levis
506 3053 565 3121 est,
581 3063 670 3125 quam
685 3046 791 3106 11111111
806 3048 911 3116 virum,

168 3132 225 3204 Qui
241 3150 311 3193 casu
327 3133 423 3191 rictus
436 3131 614 3191 temeritatis
628 3137 657 3190 te
673 3137 796 3206 arguat.»

168 3301 292 3364 Prodire
308 3307 425 3370 contra;
440 3302 492 3379 qui
508 3301 634 3359 mirante
649 3300 793 3368 exercitu,

168 3385 253 3447 [licto
268 3385 395 3446 celerius
410 3384 503 3444 hostis
518 3381 646 3443 abscidit
660 3389 749 3462 caput
771 3410 773 3414 >

168 3471 329 3548 Victorque
342 3469 443 3529 rediit.
472 3467 527 3528 llis
542 3474 612 3527 tunc
627 3467 785 3547 Pompeius
799 3486 906 3548 supera
969 3500 971 3506 ¹

1113 1446 1131 1498 5
