2438 3824
513 191 621 249 LIBER
640 193 688 251 111.

471 385 666 447 PABVLA
686 387 728 448 Π.

322 492 557 544 ΡΑΝΤΗΕΒΑ
574 493 629 544 ΕΤ
646 494 872 548 fusculum.

162 595 244 658 Solet
258 614 275 656 a
294 595 443 675 despectis
456 614 511 675 par
526 597 634 657 referri
648 600 753 675 gratie.

119 681 268 743 Panthera
283 681 446 760 inprudens
460 681 530 742 olim
546 683 576 742 in
592 682 705 754 loreum
721 683 842 744 decidit.

119 767 227 826 Videre
242 773 389 843 agrestes:
413 766 463 827 olii
478 766 573 827 iustos
587 773 761 844 congerunt,

119 851 176 913 dlii
192 858 316 912 onerent
330 850 423 911 saxis:
446 851 567 930 quidam
580 858 682 912 contra
698 853 826 912 miseriti

118 935 273 997 Periturae
288 937 414 1014 quippe,
431 937 565 1014 quemvis
579 954 666 996 nemo
681 935 823 1006 laederet,

118 1020 227 1081 Misere
241 1038 362 1099 ponem,
380 1027 413 1080 ut
428 1022 591 1081 sustineret
605 1022 753 1100 spiritum.

119 1103 183 1166 Nox
198 1106 331 1165 insecuto
347 1112 406 1165 est:
430 1103 542 1165 abeunt
555 1106 653 1166 securi
669 1106 799 1175 domum,

119 1188 209 1261 Quasi
225 1189 376 1250 inventuri
392 1196 537 1251 mortuam
553 1190 708 1270 postridie.

120 1276 156 1336 lt
172 1273 235 1343 ille,
252 1275 331 1334 vires
344 1280 379 1334 ut
392 1274 498 1335 reiecit
512 1273 676 1352 languidas,

119 1358 218 1419 Veloci
234 1357 309 1418 saltu
323 1359 408 1419 lorea
422 1376 488 1420 sese
502 1358 611 1420 liberat
627 1361 630 1368 '

119 1442 157 1503 Et
171 1444 203 1503 in
218 1442 315 1504 cubile
330 1444 447 1504 concito
462 1451 601 1523 properat
620 1444 725 1523 gradu.

119 1526 226 1588 Paucis
239 1526 346 1588 diebus
360 1528 546 1607 interpositis
560 1530 701 1609 provolat,

119 1611 215 1673 Pecus
230 1612 371 1683 trucidet,
388 1613 468 1692 ipsos
482 1620 616 1693 pastores
630 1621 726 1683 necat,

119 1696 156 1757 Et
171 1704 275 1757 cuncto
291 1705 408 1758 vastans
422 1700 514 1759 saevit
529 1700 607 1759 irato
622 1701 737 1778 inpetu.

119 1780 194 1842 'l'um
210 1780 268 1842 sibi
283 1783 435 1852 timentes,
451 1785 502 1862 qui
517 1784 600 1844 ierne
615 1791 821 1863 pepercerant,

119 1865 264 1927 Damnum
278 1865 355 1928 baud
372 1875 526 1938 recusant,
543 1874 656 1928 tantum
672 1886 727 1948 pro
742 1871 801 1930 vita
816 1877 931 1948 rogant.

119 1953 156 2012 ut
170 1950 234 2012 illa:
265 1951 385 2013 Memini
401 1954 452 2032 qui
469 1971 515 2013 me
532 1969 602 2013 saxo
616 1954 747 2032 petierit,

117 2032 175 2105 Qui
189 2054 296 2115 panem
311 2036 442 2097 dederit:
466 2054 516 2097 ros
530 2038 637 2097 timere
652 2036 803 2109 absistite;

118 2119 179 2180 lllis
194 2128 329 2182 revertor
343 2120 453 2191 hostis,
469 2123 521 2201 qui
537 2140 583 2182 me
599 2121 758 2184 laeserunt.

464 2274 657 2337 FABVLA
677 2276 734 2337 111.

349 2372 540 2425 Ausopvs
556 2373 612 2424 ΕΤ
629 2373 847 2429 luteumve.

161 2458 221 2518 Vsu
235 2460 352 2537 peritus
366 2458 479 2520 hariolo
494 2459 626 2521 velocior

118 2541 211 2620 Vulgo
225 2561 290 2603 esse
306 2543 410 2613 iertur,
426 2561 514 2605 causa
530 2545 583 2605 sed
597 2563 656 2606 non
671 2545 792 2616 dicitur,

118 2627 259 2688 Notescet
273 2645 348 2707 quoe
363 2645 443 2688 nunc
458 2631 587 2707 primum
602 2628 709 2690 inbelle
725 2649 800 2691 mea.

158 2711 287 2772 Habenti
302 2712 419 2773 cuidam
434 2731 541 2792 pecora
557 2722 739 2793 pepererunt
754 2733 824 2777 oves

117 2796 217 2874 Agnos
231 2797 359 2857 humano
374 2799 479 2876 capite.
511 2798 642 2860 Monstro
656 2802 817 2862 exterritus

116 2881 160 2943 Ad
176 2881 372 2942 consulendos
387 2884 482 2943 currit
496 2901 634 2944 maerens
647 2882 787 2947 hariolos.

117 2965 172 3027 llic
187 2968 340 3046 pertinere
355 2966 391 3026 ad
406 2967 519 3029 domiui
533 2968 694 3048 respondet
708 2975 797 3049 ceput
820 2965 821 2969 ’

117 3050 154 3111 Εῐ
168 3050 361 3112 avertendum
376 3052 495 3113 victima
510 3053 685 3131 periculum.

116 3133 167 3195 llle
183 3143 282 3195 autem
298 3135 432 3197 adfirmat
448 3138 604 3215 coniugem
619 3157 685 3200 esse
701 3139 864 3201 adulteram

117 3217 155 3279 Et
168 3220 302 3279 insitivos
316 3221 478 3297 significari
493 3221 615 3292 liberos,

118 3300 176 3363 Sed
192 3305 305 3382 expiari
320 3323 406 3384 posse
422 3307 535 3366 maiore
549 3307 655 3368 hostia.

117 3385 194 3458 Ouid
210 3386 320 3448 mullei
342 3387 440 3450 Variis
453 3389 599 3451 dissident
615 3394 772 3454 sententiis

117 3470 312 3551 Hominisque
326 3489 427 3534 curam
443 3490 513 3536 curo
528 3477 640 3537 maiore
655 3477 832 3556 adgressus.
