<?xml version="1.0" encoding="UTF-8"?>
<!DOCTYPE html PUBLIC "-//W3C//DTD XHTML 1.0 Transitional//EN"
    "http://www.w3.org/TR/xhtml1/DTD/xhtml1-transitional.dtd">
<html xmlns="http://www.w3.org/1999/xhtml" xml:lang="en" lang="en">
 <head>
  <title>
</title>
<meta http-equiv="Content-Type" content="text/html;charset=utf-8" />
  <meta name='ocr-system' content='tesseract 3.04.00' />
  <meta name='ocr-capabilities' content='ocr_page ocr_carea ocr_par ocr_line ocrx_word'/>
</head>
<body>
  <div class='ocr_page' id='page_1' title='image "./phaedriaugustil00schagoog_0020.png"; bbox 0 0 2438 3824; ppageno 0'>
   <div class='ocr_carea' id='block_1_1' title="bbox 136 810 1054 1096">
    <p class='ocr_par' dir='ltr' id='par_1_1' title="bbox 136 810 1054 1096">
     <span class='ocr_line' id='line_1_1' title="bbox 266 810 928 887; baseline -0.005 0"><span class='ocrx_word' id='word_1_1' title='bbox 266 811 482 887; x_wconf 82' lang='lat' dir='ltr'><strong>PHAEDRI</strong></span> <span class='ocrx_word' id='word_1_2' title='bbox 507 810 713 886; x_wconf 76' lang='lat' dir='ltr'><strong>Avuvsut</strong></span> <span class='ocrx_word' id='word_1_3' title='bbox 736 810 928 886; x_wconf 80' lang='lat' dir='ltr'>LIBER&#39;PI</span> 
     </span>
     <span class='ocr_line' id='line_1_2' title="bbox 136 1007 1054 1096; baseline -0.004 0"><span class='ocrx_word' id='word_1_4' title='bbox 136 1010 564 1096; x_wconf 76' lang='lat' dir='ltr'><strong>FABVLARVM</strong></span> <span class='ocrx_word' id='word_1_5' title='bbox 597 1007 1054 1095; x_wconf 71' lang='lat' dir='ltr'><strong>Ausorliuvu</strong></span> 
     </span>
    </p>
   </div>
   <div class='ocr_carea' id='block_1_2' title="bbox 416 1216 776 1279">
    <p class='ocr_par' dir='ltr' id='par_1_2' title="bbox 416 1216 776 1279">
     <span class='ocr_line' id='line_1_3' title="bbox 416 1216 776 1279; baseline 0.003 -1"><span class='ocrx_word' id='word_1_6' title='bbox 416 1218 561 1279; x_wconf 78' lang='lat' dir='ltr'>LIBER</span> <span class='ocrx_word' id='word_1_7' title='bbox 587 1216 776 1279; x_wconf 81' lang='lat' dir='ltr'><strong>PRIMVS.</strong></span> 
     </span>
    </p>
   </div>
   <div class='ocr_carea' id='block_1_3' title="bbox 478 1587 712 1643">
    <p class='ocr_par' dir='ltr' id='par_1_3' title="bbox 478 1587 712 1643">
     <span class='ocr_line' id='line_1_4' title="bbox 478 1587 712 1643; baseline 0.009 -3"><span class='ocrx_word' id='word_1_8' title='bbox 478 1587 712 1643; x_wconf 77' lang='lat' dir='ltr'><strong>PROLOGVS.</strong></span> 
     </span>
    </p>
   </div>
   <div class='ocr_carea' id='block_1_4' title="bbox 117 1692 838 1943">
    <p class='ocr_par' dir='ltr' id='par_1_4' title="bbox 117 1692 838 1943">
     <span class='ocr_line' id='line_1_5' title="bbox 158 1692 838 1774; baseline -0.004 -18"><span class='ocrx_word' id='word_1_9' title='bbox 158 1695 291 1774; x_wconf 81' lang='lat' dir='ltr'><strong>Aesopus</strong></span> <span class='ocrx_word' id='word_1_10' title='bbox 306 1700 410 1754; x_wconf 80' lang='lat' dir='ltr'><strong>auctor</strong></span> <span class='ocrx_word' id='word_1_11' title='bbox 424 1710 512 1772; x_wconf 85' lang='lat' dir='ltr'><strong>quarn</strong></span> <span class='ocrx_word' id='word_1_12' title='bbox 527 1693 682 1753; x_wconf 80' lang='lat' dir='ltr'><strong>materiam</strong></span> <span class='ocrx_word' id='word_1_13' title='bbox 696 1692 838 1771; x_wconf 85' lang='lat' dir='ltr'><strong>repperit.</strong></span> 
     </span>
     <span class='ocr_line' id='line_1_6' title="bbox 118 1776 676 1858; baseline -0.007 -18"><span class='ocrx_word' id='word_1_14' title='bbox 118 1779 200 1840; x_wconf 85' lang='lat' dir='ltr'><strong>Hane</strong></span> <span class='ocrx_word' id='word_1_15' title='bbox 215 1797 270 1857; x_wconf 82' lang='lat' dir='ltr'><strong>ego</strong></span> <span class='ocrx_word' id='word_1_16' title='bbox 286 1778 374 1858; x_wconf 91' lang='lat' dir='ltr'><strong>polivi</strong></span> <span class='ocrx_word' id='word_1_17' title='bbox 390 1776 526 1838; x_wconf 86' lang='lat' dir='ltr'><strong>versibus</strong></span> <span class='ocrx_word' id='word_1_18' title='bbox 540 1778 676 1837; x_wconf 81' lang='lat' dir='ltr'><strong>senariis</strong></span> 
     </span>
     <span class='ocr_line' id='line_1_7' title="bbox 117 1860 807 1943; baseline -0.003 -19"><span class='ocrx_word' id='word_1_19' title='bbox 117 1863 230 1943; x_wconf 80' lang='lat' dir='ltr'>Duplex</span> <span class='ocrx_word' id='word_1_20' title='bbox 247 1862 339 1924; x_wconf 79' lang='lat' dir='ltr'><strong>libelli</strong></span> <span class='ocrx_word' id='word_1_21' title='bbox 355 1862 408 1922; x_wconf 89' lang='lat' dir='ltr'><strong>dos</strong></span> <span class='ocrx_word' id='word_1_22' title='bbox 422 1872 484 1923; x_wconf 85' lang='lat' dir='ltr'><strong>est:</strong></span> <span class='ocrx_word' id='word_1_23' title='bbox 507 1860 585 1942; x_wconf 91' lang='lat' dir='ltr'><strong>quod</strong></span> <span class='ocrx_word' id='word_1_24' title='bbox 601 1862 693 1922; x_wconf 86' lang='lat' dir='ltr'><strong>risum</strong></span> <span class='ocrx_word' id='word_1_25' title='bbox 709 1868 807 1922; x_wconf 86' lang='lat' dir='ltr'><strong>movet</strong></span> 
     </span>
    </p>
   </div>
   <div class='ocr_carea' id='block_1_5' title="bbox 79 1946 838 2266">
    <p class='ocr_par' dir='ltr' id='par_1_5' title="bbox 117 1946 772 2028">
     <span class='ocr_line' id='line_1_8' title="bbox 117 1946 772 2028; baseline -0.005 -19"><span class='ocrx_word' id='word_1_26' title='bbox 117 1947 155 2009; x_wconf 86' lang='lat' dir='ltr'><strong>Et</strong></span> <span class='ocrx_word' id='word_1_27' title='bbox 168 1948 246 2028; x_wconf 80' lang='lat' dir='ltr'><strong>quod</strong></span> <span class='ocrx_word' id='word_1_28' title='bbox 263 1947 401 2027; x_wconf 79' lang='lat' dir='ltr'>prudenti</span> <span class='ocrx_word' id='word_1_29' title='bbox 420 1949 507 2007; x_wconf 88' lang='lat' dir='ltr'><strong>vitam</strong></span> <span class='ocrx_word' id='word_1_30' title='bbox 524 1946 648 2006; x_wconf 83' lang='lat' dir='ltr'><strong>oonsilio</strong></span> <span class='ocrx_word' id='word_1_31' title='bbox 662 1952 772 2007; x_wconf 89' lang='lat' dir='ltr'><strong>monet.</strong></span> 
     </span>
    </p>

    <p class='ocr_par' dir='ltr' id='par_1_6' title="bbox 79 2031 670 2111">
     <span class='ocr_line' id='line_1_9' title="bbox 79 2031 670 2111; baseline -0.007 -17"><span class='ocrx_word' id='word_1_32' title='bbox 79 2090 81 2093; x_wconf 89' lang='lat'>.</span> <span class='ocrx_word' id='word_1_33' title='bbox 118 2032 296 2094; x_wconf 78' lang='lat' dir='ltr'><strong>Calumniari</strong></span> <span class='ocrx_word' id='word_1_34' title='bbox 312 2033 407 2111; x_wconf 85' lang='lat' dir='ltr'><strong>siquis</strong></span> <span class='ocrx_word' id='word_1_35' title='bbox 421 2039 518 2092; x_wconf 89' lang='lat' dir='ltr'><strong>autern</strong></span> <span class='ocrx_word' id='word_1_36' title='bbox 533 2031 670 2099; x_wconf 88' lang='lat' dir='ltr'><strong>voluerit,</strong></span> 
     </span>
    </p>

    <p class='ocr_par' dir='ltr' id='par_1_7' title="bbox 117 2115 838 2266">
     <span class='ocr_line' id='line_1_10' title="bbox 117 2115 838 2196; baseline -0.003 -18"><span class='ocrx_word' id='word_1_37' title='bbox 117 2115 201 2188; x_wconf 87' lang='lat' dir='ltr'><strong>Quod</strong></span> <span class='ocrx_word' id='word_1_38' title='bbox 217 2116 340 2178; x_wconf 90' lang='lat' dir='ltr'><strong>arbores</strong></span> <span class='ocrx_word' id='word_1_39' title='bbox 355 2115 527 2196; x_wconf 80' lang='lat' dir='ltr'><strong>loquantur,</strong></span> <span class='ocrx_word' id='word_1_40' title='bbox 542 2134 600 2177; x_wconf 90' lang='lat' dir='ltr'><strong>uon</strong></span> <span class='ocrx_word' id='word_1_41' title='bbox 617 2124 730 2177; x_wconf 87' lang='lat' dir='ltr'><strong>tanturn</strong></span> <span class='ocrx_word' id='word_1_42' title='bbox 746 2116 838 2187; x_wconf 83' lang='lat' dir='ltr'><strong>lurae,</strong></span> 
     </span>
     <span class='ocr_line' id='line_1_11' title="bbox 118 2200 707 2266; baseline -0.007 -1"><span class='ocrx_word' id='word_1_43' title='bbox 118 2201 213 2266; x_wconf 81' lang='lat' dir='ltr'><strong>Fictis</strong></span> <span class='ocrx_word' id='word_1_44' title='bbox 225 2202 319 2264; x_wconf 87' lang='lat' dir='ltr'><strong>locari</strong></span> <span class='ocrx_word' id='word_1_45' title='bbox 335 2219 389 2262; x_wconf 86' lang='lat' dir='ltr'><strong>uos</strong></span> <span class='ocrx_word' id='word_1_46' title='bbox 404 2202 575 2262; x_wconf 82' lang='lat' dir='ltr'><strong>meminerit</strong></span> <span class='ocrx_word' id='word_1_47' title='bbox 589 2200 707 2262; x_wconf 84' lang='lat' dir='ltr'><strong>tabulis.</strong></span> 
     </span>
    </p>
   </div>
   <div class='ocr_carea' id='block_1_6' title="bbox 118 2352 890 2788">
    <p class='ocr_par' dir='ltr' id='par_1_8' title="bbox 118 2352 890 2788">
     <span class='ocr_line' id='line_1_12' title="bbox 474 2352 717 2414; baseline 0 -1"><span class='ocrx_word' id='word_1_48' title='bbox 474 2352 667 2414; x_wconf 77' lang='lat' dir='ltr'><strong>FABVLA</strong></span> <span class='ocrx_word' id='word_1_49' title='bbox 690 2353 717 2413; x_wconf 93' lang='grc' dir='ltr'><strong>Ι.</strong></span> 
     </span>
     <span class='ocr_line' id='line_1_13' title="bbox 406 2449 787 2506; baseline 0.01 -4"><span class='ocrx_word' id='word_1_50' title='bbox 406 2451 544 2502; x_wconf 78' lang='lat' dir='ltr'>LVPVS</span> <span class='ocrx_word' id='word_1_51' title='bbox 561 2451 616 2502; x_wconf 75' lang='grc' dir='ltr'><strong>ΕΤ</strong></span> <span class='ocrx_word' id='word_1_52' title='bbox 632 2449 787 2506; x_wconf 69' lang='lat' dir='ltr'><strong>Aurius·</strong></span> 
     </span>
     <span class='ocr_line' id='line_1_14' title="bbox 160 2536 866 2616; baseline -0.001 -16"><span class='ocrx_word' id='word_1_53' title='bbox 160 2537 203 2600; x_wconf 80' lang='lat' dir='ltr'><strong>dd</strong></span> <span class='ocrx_word' id='word_1_54' title='bbox 218 2539 314 2600; x_wconf 85' lang='lat' dir='ltr'><strong>rivum</strong></span> <span class='ocrx_word' id='word_1_55' title='bbox 329 2537 455 2598; x_wconf 91' lang='lat' dir='ltr'><strong>eundern</strong></span> <span class='ocrx_word' id='word_1_56' title='bbox 471 2536 558 2616; x_wconf 92' lang='lat' dir='ltr'><strong>lupus</strong></span> <span class='ocrx_word' id='word_1_57' title='bbox 573 2544 603 2598; x_wconf 89' lang='lat' dir='ltr'><strong>et</strong></span> <span class='ocrx_word' id='word_1_58' title='bbox 617 2555 710 2616; x_wconf 84' lang='lat' dir='ltr'><strong>agnus</strong></span> <span class='ocrx_word' id='word_1_59' title='bbox 723 2545 866 2600; x_wconf 83' lang='lat' dir='ltr'><strong>uenerant</strong></span> 
     </span>
     <span class='ocr_line' id='line_1_15' title="bbox 119 2621 715 2702; baseline -0.003 -17"><span class='ocrx_word' id='word_1_60' title='bbox 119 2623 175 2685; x_wconf 90' lang='lat' dir='ltr'><strong>Siti</strong></span> <span class='ocrx_word' id='word_1_61' title='bbox 190 2622 341 2701; x_wconf 81' lang='lat' dir='ltr'><strong>conpulei;</strong></span> <span class='ocrx_word' id='word_1_62' title='bbox 364 2624 503 2701; x_wconf 79' lang='lat' dir='ltr'><strong>superior</strong></span> <span class='ocrx_word' id='word_1_63' title='bbox 518 2621 615 2683; x_wconf 82' lang='lat' dir='ltr'><strong>stabat</strong></span> <span class='ocrx_word' id='word_1_64' title='bbox 630 2622 715 2702; x_wconf 91' lang='lat' dir='ltr'><strong>lupus</strong></span> 
     </span>
     <span class='ocr_line' id='line_1_16' title="bbox 118 2705 890 2788; baseline 0 -19"><span class='ocrx_word' id='word_1_65' title='bbox 118 2707 276 2787; x_wconf 83' lang='lat' dir='ltr'><strong>Longeque</strong></span> <span class='ocrx_word' id='word_1_66' title='bbox 293 2707 418 2767; x_wconf 82' lang='lat' dir='ltr'><strong>inferior</strong></span> <span class='ocrx_word' id='word_1_67' title='bbox 433 2723 535 2784; x_wconf 83' lang='lat' dir='ltr'><strong>agnus.</strong></span> <span class='ocrx_word' id='word_1_68' title='bbox 565 2705 648 2767; x_wconf 86' lang='lat' dir='ltr'><strong>Tuuc</strong></span> <span class='ocrx_word' id='word_1_69' title='bbox 664 2709 749 2769; x_wconf 83' lang='lat' dir='ltr'><strong>lauoe</strong></span> <span class='ocrx_word' id='word_1_70' title='bbox 764 2707 890 2788; x_wconf 89' lang='lat' dir='ltr'><strong>inproba</strong></span> 
     </span>
    </p>
   </div>
   <div class='ocr_carea' id='block_1_7' title="bbox 23 2791 721 2868">
    <p class='ocr_par' dir='ltr' id='par_1_9' title="bbox 23 2791 721 2868">
     <span class='ocr_line' id='line_1_17' title="bbox 23 2791 721 2868; baseline -0.003 -14"><span class='ocrx_word' id='word_1_71' title='bbox 23 2836 34 2865; x_wconf 71' lang='grc'><strong>,</strong></span> <span class='ocrx_word' id='word_1_72' title='bbox 118 2791 206 2853; x_wconf 86' lang='lat' dir='ltr'><strong>Latro</strong></span> <span class='ocrx_word' id='word_1_73' title='bbox 221 2793 362 2853; x_wconf 82' lang='lat' dir='ltr'><strong>inuitatus</strong></span> <span class='ocrx_word' id='word_1_74' title='bbox 376 2793 467 2868; x_wconf 85' lang='lat' dir='ltr'><strong>iurgii</strong></span> <span class='ocrx_word' id='word_1_75' title='bbox 482 2809 599 2852; x_wconf 86' lang='lat' dir='ltr'><strong>eausam</strong></span> <span class='ocrx_word' id='word_1_76' title='bbox 613 2791 721 2853; x_wconf 92' lang='lat' dir='ltr'><strong>intulit.</strong></span> 
     </span>
    </p>
   </div>
   <div class='ocr_carea' id='block_1_8' title="bbox 58 2875 1074 3461">
    <p class='ocr_par' dir='ltr' id='par_1_10' title="bbox 118 2875 737 2955">
     <span class='ocr_line' id='line_1_18' title="bbox 118 2875 737 2955; baseline 0 -18"><span class='ocrx_word' id='word_1_77' title='bbox 118 2877 192 2947; x_wconf 85' lang='lat' dir='ltr'><strong>Cur,</strong></span> <span class='ocrx_word' id='word_1_78' title='bbox 208 2878 319 2955; x_wconf 87' lang='lat' dir='ltr'><strong>inquit,</strong></span> <span class='ocrx_word' id='word_1_79' title='bbox 336 2875 536 2936; x_wconf 81' lang='lat' dir='ltr'><strong>turbulentam</strong></span> <span class='ocrx_word' id='word_1_80' title='bbox 551 2876 649 2936; x_wconf 86' lang='lat' dir='ltr'><strong>iecisti</strong></span> <span class='ocrx_word' id='word_1_81' title='bbox 664 2876 737 2938; x_wconf 72' lang='lat' dir='ltr'><strong>neni</strong></span> 
     </span>
    </p>

    <p class='ocr_par' dir='ltr' id='par_1_11' title="bbox 119 2960 791 3041">
     <span class='ocr_line' id='line_1_19' title="bbox 119 2960 791 3041; baseline 0.001 -20"><span class='ocrx_word' id='word_1_82' title='bbox 119 2963 228 3041; x_wconf 76' lang='lat' dir='ltr'><strong>dquam</strong></span> <span class='ocrx_word' id='word_1_83' title='bbox 246 2960 381 3021; x_wconf 77' lang='lat' dir='ltr'><strong>bibenti?</strong></span> <span class='ocrx_word' id='word_1_84' title='bbox 409 2960 537 3037; x_wconf 83' lang='lat' dir='ltr'><strong>Laniger</strong></span> <span class='ocrx_word' id='word_1_85' title='bbox 551 2967 653 3020; x_wconf 86' lang='lat' dir='ltr'><strong>contra</strong></span> <span class='ocrx_word' id='word_1_86' title='bbox 669 2962 791 3022; x_wconf 86' lang='lat' dir='ltr'><strong>timens:</strong></span> 
     </span>
    </p>

    <p class='ocr_par' dir='ltr' id='par_1_12' title="bbox 118 3043 959 3127">
     <span class='ocr_line' id='line_1_20' title="bbox 118 3043 959 3127; baseline 0.004 -22"><span class='ocrx_word' id='word_1_87' title='bbox 118 3043 175 3115; x_wconf 86' lang='lat' dir='ltr'><strong>Qui</strong></span> <span class='ocrx_word' id='word_1_88' title='bbox 190 3063 326 3125; x_wconf 88' lang='lat' dir='ltr'><strong>possum,</strong></span> <span class='ocrx_word' id='word_1_89' title='bbox 342 3062 464 3124; x_wconf 86' lang='lat' dir='ltr'><strong>quaeso,</strong></span> <span class='ocrx_word' id='word_1_90' title='bbox 481 3045 596 3115; x_wconf 88' lang='lat' dir='ltr'><strong>lacere,</strong></span> <span class='ocrx_word' id='word_1_91' title='bbox 612 3043 689 3122; x_wconf 86' lang='lat' dir='ltr'><strong>quod</strong></span> <span class='ocrx_word' id='word_1_92' title='bbox 705 3047 856 3125; x_wconf 86' lang='lat' dir='ltr'><strong>quereris,</strong></span> <span class='ocrx_word' id='word_1_93' title='bbox 871 3045 959 3127; x_wconf 86' lang='lat' dir='ltr'><strong>lupel</strong></span> 
     </span>
    </p>

    <p class='ocr_par' dir='ltr' id='par_1_13' title="bbox 118 3128 740 3209">
     <span class='ocr_line' id='line_1_21' title="bbox 118 3128 740 3209; baseline 0.002 -19"><span class='ocrx_word' id='word_1_94' title='bbox 118 3134 142 3190; x_wconf 81' lang='grc' dir='ltr'>Α</span> <span class='ocrx_word' id='word_1_95' title='bbox 157 3137 185 3191; x_wconf 93' lang='lat' dir='ltr'><strong>te</strong></span> <span class='ocrx_word' id='word_1_96' title='bbox 201 3129 334 3190; x_wconf 85' lang='lat' dir='ltr'><strong>decurrit</strong></span> <span class='ocrx_word' id='word_1_97' title='bbox 349 3129 384 3188; x_wconf 90' lang='lat' dir='ltr'><strong>ad</strong></span> <span class='ocrx_word' id='word_1_98' title='bbox 401 3148 481 3188; x_wconf 88' lang='lat' dir='ltr'><strong>meos</strong></span> <span class='ocrx_word' id='word_1_99' title='bbox 496 3128 618 3189; x_wconf 88' lang='lat' dir='ltr'><strong>haustus</strong></span> <span class='ocrx_word' id='word_1_100' title='bbox 634 3128 740 3209; x_wconf 89' lang='lat' dir='ltr'><strong>liquor.</strong></span> 
     </span>
    </p>

    <p class='ocr_par' dir='ltr' id='par_1_14' title="bbox 118 3212 618 3292">
     <span class='ocr_line' id='line_1_22' title="bbox 118 3212 618 3292; baseline 0 -19"><span class='ocrx_word' id='word_1_101' title='bbox 118 3212 262 3292; x_wconf 76' lang='lat' dir='ltr'><strong>Repulsus</strong></span> <span class='ocrx_word' id='word_1_102' title='bbox 277 3213 327 3274; x_wconf 92' lang='lat' dir='ltr'><strong>ille</strong></span> <span class='ocrx_word' id='word_1_103' title='bbox 345 3215 478 3273; x_wconf 85' lang='lat' dir='ltr'><strong>veritatis</strong></span> <span class='ocrx_word' id='word_1_104' title='bbox 491 3212 618 3273; x_wconf 85' lang='lat' dir='ltr'><strong>viribus:</strong></span> 
     </span>
    </p>

    <p class='ocr_par' dir='ltr' id='par_1_15' title="bbox 58 3296 1074 3461">
     <span class='ocr_line' id='line_1_23' title="bbox 58 3296 1074 3366; baseline -0.001 -9"><span class='ocrx_word' id='word_1_105' title='bbox 58 3334 59 3338; x_wconf 61' lang='lat'><em>=</em></span> <span class='ocrx_word' id='word_1_106' title='bbox 117 3299 192 3359; x_wconf 80' lang='lat' dir='ltr'><strong>Ante</strong></span> <span class='ocrx_word' id='word_1_107' title='bbox 208 3298 261 3358; x_wconf 90' lang='lat' dir='ltr'><strong>hos</strong></span> <span class='ocrx_word' id='word_1_108' title='bbox 276 3317 328 3359; x_wconf 88' lang='lat' dir='ltr'><strong>sex</strong></span> <span class='ocrx_word' id='word_1_109' title='bbox 344 3316 460 3358; x_wconf 88' lang='lat' dir='ltr'><strong>menses</strong></span> <span class='ocrx_word' id='word_1_110' title='bbox 475 3296 563 3363; x_wconf 85' lang='lat' dir='ltr'><strong>male.</strong></span> <span class='ocrx_word' id='word_1_111' title='bbox 579 3299 635 3366; x_wconf 88' lang='lat' dir='ltr'><strong>ait,</strong></span> <span class='ocrx_word' id='word_1_112' title='bbox 651 3297 755 3361; x_wconf 80' lang='lat' dir='ltr'><strong>dixisti</strong></span> <span class='ocrx_word' id='word_1_113' title='bbox 770 3301 855 3361; x_wconf 87' lang='lat' dir='ltr'><strong>mihi.</strong></span> <span class='ocrx_word' id='word_1_114' title='bbox 1041 3303 1074 3356; x_wconf 88' lang='lat'><strong>10</strong></span> 
     </span>
     <span class='ocr_line' id='line_1_24' title="bbox 117 3381 865 3461; baseline 0.003 -21"><span class='ocrx_word' id='word_1_115' title='bbox 117 3381 280 3461; x_wconf 85' lang='lat' dir='ltr'><strong>Respondit</strong></span> <span class='ocrx_word' id='word_1_116' title='bbox 294 3400 401 3460; x_wconf 85' lang='lat' dir='ltr'><strong>agnus:</strong></span> <span class='ocrx_word' id='word_1_117' title='bbox 430 3381 576 3461; x_wconf 87' lang='lat' dir='ltr'><strong>Equidem</strong></span> <span class='ocrx_word' id='word_1_118' title='bbox 590 3391 677 3445; x_wconf 92' lang='lat' dir='ltr'><strong>uatus</strong></span> <span class='ocrx_word' id='word_1_119' title='bbox 691 3402 755 3445; x_wconf 88' lang='lat' dir='ltr'><strong>non</strong></span> <span class='ocrx_word' id='word_1_120' title='bbox 765 3402 865 3444; x_wconf 77' lang='lat' dir='ltr'><strong>eram.</strong></span> 
     </span>
    </p>
   </div>
   <div class='ocr_carea' id='block_1_9' title="bbox 165 3477 908 3539">
    <p class='ocr_par' dir='ltr' id='par_1_16' title="bbox 165 3477 908 3539">
     <span class='ocr_line' id='line_1_25' title="bbox 165 3477 908 3539; baseline 0.009 -9"><span class='ocrx_word' id='word_1_121' title='bbox 165 3496 321 3539; x_wconf 72' lang='lat' dir='ltr'><strong>rennuens.</strong></span> <span class='ocrx_word' id='word_1_122' title='bbox 876 3477 908 3537; x_wconf 61' lang='grc' dir='ltr'>Χ</span> 
     </span>
    </p>
   </div>
   <div class='ocr_carea' id='block_1_10' title="bbox 0 0 1224 3824">
    <p class='ocr_par' dir='ltr' id='par_1_17' title="bbox 0 0 1224 3824">
     <span class='ocr_line' id='line_1_26' title="bbox 0 0 1224 3824; baseline 0 0"><span class='ocrx_word' id='word_1_123' title='bbox 0 0 1224 3824; x_wconf 95' lang='lat' dir='ltr'><strong> </strong></span> 
     </span>
    </p>
   </div>
  </div>
 </body>
</html>
