2438 3824
508 185 617 243 LIBER
637 184 685 243 1v.

117 335 257 399 Pervenit
272 334 308 398 ad
324 333 463 397 draconis
477 333 647 415 speluncam
662 336 807 408 intimam,

119 420 311 484 Custodiebat
325 423 376 501 qui
391 420 547 481 thesauros
562 419 688 482 abditos.

118 506 204 567 llunc
218 507 306 567 simul
321 507 453 584 aspexit:
483 503 557 575 Oro,
574 513 607 566 ut
621 505 830 585 inprudentiae

120 591 176 653 lies
191 592 320 670 primurn
335 591 466 659 veniam:
482 589 591 650 deinde
606 590 631 650 si
647 589 771 669 pulchre
786 590 878 662 rides,

118 675 211 747 Quam
226 693 284 735 nou
300 676 479 734 conveniens
493 692 598 736 aurum
614 675 651 735 sit
665 677 742 735 vitae
757 693 850 744 meae,

119 759 307 839 Respondeas
323 758 497 819 clementer.
526 756 620 829 Quem
634 759 765 819 fructum
781 761 862 838 capis

118 845 181 906 lloc
195 862 230 904 er
247 842 362 912 labore,
378 843 492 921 quodve
507 849 623 904 tanturn
638 851 683 903 est
700 845 874 922 praemium,

119 927 155 990 Vt
169 944 270 989 careas
285 945 387 988 somno
403 935 432 988 et
447 944 551 987 aevum
566 929 597 987 in
613 926 746 988 tenebris
761 927 882 1005 exigasi

119 1013 256 1082 Nullum,
272 1013 371 1090 inquit
385 1011 451 1080 ille,
467 1028 569 1071 verum
585 1011 642 1072 hoc
656 1030 672 1073 a
688 1030 803 1072 summo
817 1011 892 1072 mibi

119 1097 187 1158 love
202 1095 383 1157 adtributum
398 1102 455 1155 est.
485 1095 563 1172 Ergo
578 1113 634 1155 uec
648 1098 742 1157 sumis
755 1094 813 1157 tibi

120 1181 181 1243 Nec
196 1180 248 1241 uili
264 1179 356 1239 donas
370 1179 546 1259 quicquam?
576 1178 626 1240 Sic
640 1181 710 1241 fatis
723 1179 831 1260 placet

120 1265 193 1326 Nolo
208 1265 361 1333 irascaris,
376 1262 472 1323 libere
488 1265 513 1324 si
528 1263 645 1326 dixero:

120 1349 172 1411 liis
186 1356 232 1408 est
247 1349 331 1408 iratis
347 1358 446 1416 natus,
462 1350 513 1426 qui
529 1348 694 1410 estsimilis
709 1347 775 1411 tibl.

163 1430 305 1494 Abiturus
320 1430 403 1502 illuc,
419 1450 477 1511 quo
492 1434 612 1511 priores
627 1433 775 1506 abierunt,

121 1515 197 1588 Quid
213 1524 312 1577 mente
327 1533 414 1577 caeca
430 1519 570 1582 miserum
584 1526 705 1597 torques
719 1518 876 1598 spiritumi

122 1601 190 1661 Tibi
206 1600 287 1669 dico,
303 1617 404 1670 svare,
419 1601 559 1677 gaudium
574 1601 695 1664 heredis
709 1606 764 1673 tui,

122 1682 177 1755 Qui
193 1692 259 1745 ture
275 1701 413 1763 superos,
430 1686 526 1764 ipsum
541 1693 572 1747 te
587 1687 706 1748 lraudas
721 1686 798 1757 cibo,

122 1767 176 1840 Qui
190 1769 286 1830 tristis
301 1767 386 1828 audis
400 1771 545 1830 musicum
560 1771 690 1831 citbarae
705 1789 818 1841 sonum,

122 1852 215 1924 Quem
229 1851 369 1914 tibiarum
383 1862 513 1914 macerat
528 1855 705 1922 iucunditas,

122 1937 321 2017 opsoniorum
336 1939 431 2015 pretia
446 1939 495 1998 cni
509 1939 653 2015 gemitum
668 1939 848 2016 exprimunt,

122 2020 263 2093 Quidum
278 2021 456 2100 quadrantes
471 2039 594 2099 aggeras
609 2024 788 2100 patrimonio

123 2106 243 2169 Caelum
259 2106 365 2181 fatigas
380 2105 499 2166 sordido
514 2107 655 2184 periurio,

123 2187 178 2260 Qui
193 2189 383 2250 circumcidis
397 2207 514 2250 omrrem
529 2191 683 2269 inpensam
699 2191 809 2261 funeri,

126 2272 254 2334 Libitina
268 2272 377 2353 nequid
392 2273 428 2334 de
442 2282 494 2335 tuo
508 2274 597 2335 iaciat
611 2273 698 2336 lucri.
744 2332 747 2339 .

456 2526 748 2589 FABVLAXXI.

421 2640 783 2695 PHAEDBVS.

164 2759 228 2833 Quo
256 2758 389 2821 iudicare
404 2761 513 2838 cogitet
526 2760 603 2821 livor
617 2761 713 2831 modo,

124 2845 208 2907 Licet
222 2844 402 2914 dissimulet,
419 2844 542 2923 pulchre
557 2852 655 2905 tamen
670 2845 820 2923 intellego.

125 2927 269 3009 Quicquid
284 2928 401 3008 putabit
416 2946 480 2989 esse
496 2927 617 3005 dignum
633 2931 784 2999 memoria,

125 3013 231 3093 Aesopi
247 3012 339 3083 dicet;
355 3017 381 3076 si
396 3012 467 3092 quid
482 3015 581 3073 minus
596 3013 743 3083 adriserit,

126 3096 150 3157 Α
164 3114 211 3157 me
226 3095 385 3157 contendet
399 3096 500 3158 lictum
515 3099 619 3176 quovis
634 3098 766 3176 pignore.

126 3177 218 3249 Quem
233 3180 299 3240 roto
313 3180 410 3241 reielii
425 3182 485 3240 iarn
499 3198 578 3241 nunc
592 3198 735 3259 responso
750 3199 831 3243 meo:

128 3261 195 3322 Sive
210 3261 266 3322 boc
281 3264 413 3342 ineptum
429 3265 489 3323 sive
506 3262 683 3325 laudandum
698 3271 745 3325 est
758 3283 841 3344 opus,

127 3344 241 3405 lnvenit
255 3345 321 3413 ille,
337 3353 436 3406 nostra
451 3347 576 3425 perfecit
590 3365 704 3409 manus.

129 3425 188 3489 Sed
203 3444 399 3507 exsequamur
413 3437 551 3509 coeptum
563 3432 710 3511 propositi
724 3430 868 3493 ordinem.
