2438 3824
395 182 786 242 omnev.arenuo1u
902 165 905 169 ’
1032 183 1085 246 ol

475 334 671 395 ,FABVLA
692 333 733 394 Π.

505 415 695 485 'Avonoro

350 512 414 568 Non
432 509 572 582 esse'plus
585 529 680 581 ⁸essequo
698 511 860 584 petendum.

165 602 298 663 Arbitrio
313 605 339 664 si
354 610 460 663 natura
476 603 611 663 [irruisset
625 621 691 663 meo
870 679 874 687 υ

124 686 225 747 Genus
240 686 379 757 mortale,
395 687 483 764 longe
498 688 575 747 foret
588 687 775 748 instructius:

124 770 198 832 Nam
213 780 317 833 cuncta
335 771 421 832 nobis
436 770 622 832 attribuisset
638 771 814 840 commodas

122 855 331 937 Quaecumque
347 856 503 932 indulgens
519 856 649 918 Fortuna
665 857 786 917 animali
802 855 897 918 dedit:

117 939 279 1019 ¹Elephanti
295 945 390 1012 vires,
407 947 437 1002 et
451 941 547 1001 leonis
562 942 706 1020 inpetum,
1027 965 1030 972 ·
1058 951 1082 1019 jo

123 1025 256 1086 Cornicis
272 1043 390 1095 aevum,
406 1023 531 1102 gloriam
546 1027 625 1086 tauri
640 1027 743 1093 trucis,
1056 1051 1059 1056 ⁴

121 1108 198 1188 Equi
213 1109 321 1170 velocis
337 1109 482 1189 placidam
498 1110 763 1181 mansuetudinem,

121 1192 159 1253 Et
173 1194 291 1255 adesset
305 1193 419 1254 homini
434 1212 487 1255 sua
500 1200 599 1270 tamen
615 1192 755 1255 sollertia.

122 1277 269 1339 Nimirum
284 1278 412 1338 incaelo
427 1296 527 1339 secum
541 1278 619 1339 ridet
634 1278 776 1360 luppiter,

121 1361 225 1439 Magno
241 1363 314 1423 haec
329 1363 452 1423 consilio
467 1365 519 1442 qui
534 1365 653 1440 negavit
667 1358 863 1431 hominibus
1024 1359 1027 1364 ’
1048 1372 1082 1424 10

121 1442 165 1507 Ne
180 1454 330 1526 sceptrum
345 1447 447 1507 mundi
462 1454 582 1526 raperet
596 1454 695 1509 nostra
712 1449 844 1509 audacia.

162 1530 241 1608 Ergo
256 1533 387 1592 contenti
402 1549 526 1592 munere
541 1533 644 1593 invicti
660 1531 737 1593 lovis
857 1527 858 1530 ’

121 1614 231 1676 Fatalis
245 1633 338 1676 annos
352 1616 546 1679 decurramus
560 1619 715 1696 temporis,

121 1696 183 1761 Nec
196 1700 264 1781 plus
278 1718 420 1762 conemur
434 1720 522 1781 quam
537 1702 608 1762 sinit
624 1701 795 1762 mortalitas.

464 1837 656 1899 FABVLA
677 1838 733 1898 HI.

246 1935 496 1987 MEROVRIVS
513 1936 569 1986 E'P
586 1935 702 1987 DvAm
719 1936 949 1990 MVLIERES.

420 2015 462 2071 De
480 2017 578 2071 eodem
596 2015 653 2072 alia
668 2015 781 2072 fabella.

160 2105 340 2166 Mercurium
356 2106 485 2185 hospitio
500 2107 642 2167 mulieres
656 2105 726 2166 olim
742 2106 817 2167 dirae
874 2121 876 2125 ’

118 2189 272 2251 inliberali
287 2198 317 2251 et
331 2191 451 2250 sordido
465 2197 654 2270 receperant:

119 2273 249 2344 Quarum
264 2292 322 2334 una
336 2276 367 2335 in
383 2276 467 2335 cunis
482 2293 604 2355 parvum
619 2274 747 2336 habebat
761 2276 864 2348 filium,
904 2319 905 2322 ,
1021 2290 1023 2294 ⁴

119 2358 263 2429 Quaestus
278 2358 412 2437 placebat
426 2358 511 2420 alteri
528 2361 723 2421 meretricius.
907 2363 909 2368 '

119 2442 197 2521 Ergo
212 2449 245 2503 ut
260 2443 389 2504 referret
403 2446 528 2521 gratiam
542 2445 648 2504 ciliciis
662 2462 775 2523 parem,

119 2527 261 2588 Abiturus
276 2535 305 2587 et
319 2529 378 2588 iam
392 2526 484 2589 limen
499 2529 645 2589 excedens
661 2531 716 2588 ait:
993 2579 995 2582 ,

119 2612 213 2673 Deum
229 2610 351 2682 videtis;
367 2612 495 2673 tribuam
511 2612 594 2674 vobis
609 2615 756 2692 protinus,
787 2629 797 2634 “
820 2654 840 2687 ,
950 2661 953 2664 «
1055 2656 1060 2662 -

118 2696 201 2767 Quod
216 2714 351 2776 quaeque
366 2699 486 2776 optarit.
514 2697 607 2759 Mater
623 2697 798 2776 suppliciter
812 2708 907 2776 rogat,

119 2780 279 2842 Barbatum
294 2788 326 2842 ut
340 2781 438 2842 videat
452 2789 552 2843 natum
566 2800 654 2861 quam
669 2783 799 2861 primum
814 2801 916 2843 suum·

118 2865 254 2936 Moecha,
271 2873 304 2926 ut
318 2874 459 2945 sequatur
473 2885 538 2927 sese
554 2866 693 2945 quicquid
709 2868 852 2943 tetigerit.
878 2943 884 2951 Ἰ
1044 2875 1077 2926 10

118 2951 201 3012 Volat
215 2950 393 3021 Mercurius,
410 2952 489 3011 intro
502 2951 629 3012 redeunt
642 2950 793 3011 mulieres.
820 2975 823 2981 ·
883 2978 884 2983 ¹

118 3034 264 3095 Barbatus
278 3036 376 3096 infans
391 3054 460 3095 ecce
475 3038 590 3112 vagitus
604 3037 673 3096 ciet.

118 3119 150 3179 ld
167 3120 243 3180 torte
259 3121 400 3181 meretrix
415 3138 482 3181 cum
497 3120 761 3189 rideretvalidius,

119 3202 213 3264 Nares
228 3204 353 3282 replevit
367 3204 487 3274 humor,
504 3214 537 3264 ut
550 3205 615 3264 sieri
631 3203 715 3265 solet.
1038 3265 1041 3271 ,

118 3286 286 3362 Emungere
302 3289 394 3364 igitur
408 3306 440 3349 sc
456 3288 557 3349 volens
572 3288 691 3368 prendit
706 3307 793 3349 manu
814 3349 816 3352 ,
1043 3297 1074 3347 15

119 3371 280 3449 Traxitque
294 3371 329 3431 ad
344 3378 456 3432 terram
470 3374 533 3433 nasi
549 3371 772 3448 longitudinem,

117 3456 156 3517 Et
170 3455 257 3517 aliam
272 3454 375 3515 ridens
388 3456 454 3534 ipsa
467 3455 592 3518 ridenda
607 3456 730 3517 exstitit.
760 3521 762 3524 ,
789 3519 791 3523 ,

846 3516 961 3616 os
1053 3483 1066 3512 ³
