<?xml version="1.0" encoding="UTF-8"?>
<!DOCTYPE html PUBLIC "-//W3C//DTD XHTML 1.0 Transitional//EN"
    "http://www.w3.org/TR/xhtml1/DTD/xhtml1-transitional.dtd">
<html xmlns="http://www.w3.org/1999/xhtml" xml:lang="en" lang="en">
 <head>
  <title>
</title>
<meta http-equiv="Content-Type" content="text/html;charset=utf-8" />
  <meta name='ocr-system' content='tesseract 3.04.00' />
  <meta name='ocr-capabilities' content='ocr_page ocr_carea ocr_par ocr_line ocrx_word'/>
</head>
<body>
  <div class='ocr_page' id='page_1' title='image "./phaedriaugustil00schagoog_0038.png"; bbox 0 0 2438 3824; ppageno 0'>
   <div class='ocr_carea' id='block_1_1' title="bbox 477 183 801 241">
    <p class='ocr_par' dir='ltr' id='par_1_1' title="bbox 477 183 801 241">
     <span class='ocr_line' id='line_1_1' title="bbox 477 183 801 241; baseline -0.003 0"><span class='ocrx_word' id='word_1_1' title='bbox 477 183 711 241; x_wconf 70' lang='lat' dir='ltr'><strong>umanum</strong></span> <span class='ocrx_word' id='word_1_2' title='bbox 775 191 801 240; x_wconf 70' lang='grc' dir='ltr'>ᾗ</span> 
     </span>
    </p>
   </div>
   <div class='ocr_carea' id='block_1_2' title="bbox 433 384 760 446">
    <p class='ocr_par' dir='ltr' id='par_1_2' title="bbox 433 384 760 446">
     <span class='ocr_line' id='line_1_2' title="bbox 433 384 760 446; baseline 0 0"><span class='ocrx_word' id='word_1_3' title='bbox 433 385 555 446; x_wconf 74' lang='lat' dir='ltr'><strong>Lmen</strong></span> <span class='ocrx_word' id='word_1_4' title='bbox 578 384 760 446; x_wconf 77' lang='lat' dir='ltr'>TERTIVS.</span> 
     </span>
    </p>
   </div>
   <div class='ocr_carea' id='block_1_3' title="bbox 310 500 884 554">
    <p class='ocr_par' dir='ltr' id='par_1_3' title="bbox 310 500 884 554">
     <span class='ocr_line' id='line_1_3' title="bbox 310 500 884 554; baseline 0.002 -1"><span class='ocrx_word' id='word_1_5' title='bbox 310 500 542 553; x_wconf 73' lang='lat' dir='ltr'><strong>Pmmsvs</strong></span> <span class='ocrx_word' id='word_1_6' title='bbox 556 501 614 553; x_wconf 83' lang='lat' dir='ltr'><strong>AD</strong></span> <span class='ocrx_word' id='word_1_7' title='bbox 631 500 884 554; x_wconf 73' lang='lat' dir='ltr'><strong>EV&#39;FYGHVM.</strong></span> 
     </span>
    </p>
   </div>
   <div class='ocr_carea' id='block_1_4' title="bbox 118 586 936 3536">
    <p class='ocr_par' dir='ltr' id='par_1_4' title="bbox 118 586 875 1006">
     <span class='ocr_line' id='line_1_4' title="bbox 160 586 752 665; baseline 0 -16"><span class='ocrx_word' id='word_1_8' title='bbox 160 587 288 649; x_wconf 84' lang='lat' dir='ltr'>Phaedri</span> <span class='ocrx_word' id='word_1_9' title='bbox 303 587 419 648; x_wconf 89' lang='lat' dir='ltr'><strong>libellos</strong></span> <span class='ocrx_word' id='word_1_10' title='bbox 432 587 534 665; x_wconf 87' lang='lat' dir='ltr'><strong>legere</strong></span> <span class='ocrx_word' id='word_1_11' title='bbox 549 589 574 649; x_wconf 90' lang='lat' dir='ltr'><strong>si</strong></span> <span class='ocrx_word' id='word_1_12' title='bbox 590 586 752 658; x_wconf 74' lang='lat' dir='ltr'><strong>desideras,</strong></span> 
     </span>
     <span class='ocr_line' id='line_1_5' title="bbox 119 672 704 752; baseline 0 -20"><span class='ocrx_word' id='word_1_13' title='bbox 119 673 210 733; x_wconf 88' lang='lat' dir='ltr'><strong>Vaces</strong></span> <span class='ocrx_word' id='word_1_14' title='bbox 224 680 354 752; x_wconf 85' lang='lat' dir='ltr'><strong>oportet,</strong></span> <span class='ocrx_word' id='word_1_15' title='bbox 371 672 519 752; x_wconf 79' lang='lat' dir='ltr'>Eutyche,</span> <span class='ocrx_word' id='word_1_16' title='bbox 535 690 551 733; x_wconf 89' lang='lat' dir='ltr'><strong>a</strong></span> <span class='ocrx_word' id='word_1_17' title='bbox 566 674 704 749; x_wconf 89' lang='lat' dir='ltr'><strong>negotiis,</strong></span> 
     </span>
     <span class='ocr_line' id='line_1_6' title="bbox 120 756 741 818; baseline 0 -2"><span class='ocrx_word' id='word_1_18' title='bbox 120 759 154 816; x_wconf 90' lang='lat' dir='ltr'><strong>Vt</strong></span> <span class='ocrx_word' id='word_1_19' title='bbox 169 756 247 818; x_wconf 89' lang='lat' dir='ltr'><strong>liber</strong></span> <span class='ocrx_word' id='word_1_20' title='bbox 261 759 377 818; x_wconf 89' lang='lat' dir='ltr'><strong>animus</strong></span> <span class='ocrx_word' id='word_1_21' title='bbox 393 759 500 818; x_wconf 89' lang='lat' dir='ltr'><strong>sentiat</strong></span> <span class='ocrx_word' id='word_1_22' title='bbox 515 758 574 817; x_wconf 88' lang='lat' dir='ltr'><strong>rim</strong></span> <span class='ocrx_word' id='word_1_23' title='bbox 589 759 741 818; x_wconf 83' lang='lat' dir='ltr'><strong>carminis.</strong></span> 
     </span>
     <span class='ocr_line' id='line_1_7' title="bbox 119 841 875 922; baseline 0.003 -22"><span class='ocrx_word' id='word_1_24' title='bbox 119 841 241 911; x_wconf 88' lang='lat' dir='ltr'><strong>Verum,</strong></span> <span class='ocrx_word' id='word_1_25' title='bbox 257 843 370 922; x_wconf 89' lang='lat' dir='ltr'><strong>inquis,</strong></span> <span class='ocrx_word' id='word_1_26' title='bbox 386 844 462 902; x_wconf 87' lang='lat' dir='ltr'><strong>tanti</strong></span> <span class='ocrx_word' id='word_1_27' title='bbox 477 859 536 902; x_wconf 93' lang='lat' dir='ltr'><strong>nou</strong></span> <span class='ocrx_word' id='word_1_28' title='bbox 552 848 598 901; x_wconf 88' lang='lat' dir='ltr'><strong>est</strong></span> <span class='ocrx_word' id='word_1_29' title='bbox 612 843 766 919; x_wconf 84' lang='lat' dir='ltr'><strong>ingenium</strong></span> <span class='ocrx_word' id='word_1_30' title='bbox 780 848 875 912; x_wconf 87' lang='lat' dir='ltr'><strong>tuum,</strong></span> 
     </span>
     <span class='ocr_line' id='line_1_8' title="bbox 118 925 787 1006; baseline 0.001 -21"><span class='ocrx_word' id='word_1_31' title='bbox 118 926 297 987; x_wconf 85' lang='lat' dir='ltr'><strong>Momentum</strong></span> <span class='ocrx_word' id='word_1_32' title='bbox 312 934 344 987; x_wconf 91' lang='lat' dir='ltr'><strong>ut</strong></span> <span class='ocrx_word' id='word_1_33' title='bbox 358 926 449 987; x_wconf 92' lang='lat' dir='ltr'><strong>horae</strong></span> <span class='ocrx_word' id='word_1_34' title='bbox 464 936 566 1006; x_wconf 89' lang='lat' dir='ltr'><strong>pereat</strong></span> <span class='ocrx_word' id='word_1_35' title='bbox 581 925 687 988; x_wconf 81' lang='lat' dir='ltr'><strong>officiis</strong></span> <span class='ocrx_word' id='word_1_36' title='bbox 703 928 787 987; x_wconf 89' lang='lat' dir='ltr'><strong>meis.</strong></span> 
     </span>
    </p>

    <p class='ocr_par' dir='ltr' id='par_1_5' title="bbox 118 1010 812 1088">
     <span class='ocr_line' id='line_1_9' title="bbox 118 1010 812 1088; baseline 0 -17"><span class='ocrx_word' id='word_1_37' title='bbox 118 1011 182 1071; x_wconf 90' lang='lat' dir='ltr'><strong>Nun</strong></span> <span class='ocrx_word' id='word_1_38' title='bbox 198 1029 269 1088; x_wconf 90' lang='lat' dir='ltr'><strong>ergo</strong></span> <span class='ocrx_word' id='word_1_39' title='bbox 283 1030 371 1072; x_wconf 88' lang='lat' dir='ltr'><strong>causa</strong></span> <span class='ocrx_word' id='word_1_40' title='bbox 388 1018 434 1072; x_wconf 89' lang='lat' dir='ltr'><strong>est</strong></span> <span class='ocrx_word' id='word_1_41' title='bbox 447 1010 585 1072; x_wconf 86' lang='lat' dir='ltr'><strong>manibus</strong></span> <span class='ocrx_word' id='word_1_42' title='bbox 598 1011 630 1072; x_wconf 92' lang='lat' dir='ltr'><strong>id</strong></span> <span class='ocrx_word' id='word_1_43' title='bbox 645 1012 727 1088; x_wconf 83' lang='lat' dir='ltr'><strong>tangi</strong></span> <span class='ocrx_word' id='word_1_44' title='bbox 742 1013 812 1081; x_wconf 90' lang='lat' dir='ltr'><strong>tuis,</strong></span> 
     </span>
    </p>

    <p class='ocr_par' dir='ltr' id='par_1_6' title="bbox 118 1094 778 1259">
     <span class='ocr_line' id='line_1_10' title="bbox 118 1094 741 1174; baseline 0.003 -20"><span class='ocrx_word' id='word_1_45' title='bbox 118 1094 201 1166; x_wconf 85' lang='lat' dir='ltr'><strong>Quod</strong></span> <span class='ocrx_word' id='word_1_46' title='bbox 217 1098 368 1174; x_wconf 90' lang='lat' dir='ltr'><strong>occupatis</strong></span> <span class='ocrx_word' id='word_1_47' title='bbox 383 1094 506 1156; x_wconf 90' lang='lat' dir='ltr'><strong>auribus</strong></span> <span class='ocrx_word' id='word_1_48' title='bbox 520 1112 579 1155; x_wconf 92' lang='lat' dir='ltr'><strong>non</strong></span> <span class='ocrx_word' id='word_1_49' title='bbox 594 1098 741 1156; x_wconf 87' lang='lat' dir='ltr'><strong>convenit.</strong></span> 
     </span>
     <span class='ocr_line' id='line_1_11' title="bbox 119 1179 778 1259; baseline -0.002 -18"><span class='ocrx_word' id='word_1_50' title='bbox 119 1181 258 1241; x_wconf 81' lang='lat' dir='ltr'><strong>Fortasse</strong></span> <span class='ocrx_word' id='word_1_51' title='bbox 273 1180 370 1241; x_wconf 86' lang='lat' dir='ltr'><strong>dices:</strong></span> <span class='ocrx_word' id='word_1_52' title='bbox 400 1179 524 1259; x_wconf 79' lang='lat' dir='ltr'><strong>Aliquae</strong></span> <span class='ocrx_word' id='word_1_53' title='bbox 539 1181 660 1240; x_wconf 86' lang='lat' dir='ltr'><strong>venient</strong></span> <span class='ocrx_word' id='word_1_54' title='bbox 673 1180 778 1250; x_wconf 86' lang='lat' dir='ltr'><strong>leriae,</strong></span> 
     </span>
    </p>

    <p class='ocr_par' dir='ltr' id='par_1_7' title="bbox 118 1263 833 1682">
     <span class='ocr_line' id='line_1_12' title="bbox 118 1263 833 1344; baseline 0.004 -20"><span class='ocrx_word' id='word_1_55' title='bbox 118 1263 198 1336; x_wconf 82' lang='lat' dir='ltr'><strong>Quae</strong></span> <span class='ocrx_word' id='word_1_56' title='bbox 213 1283 260 1324; x_wconf 89' lang='lat' dir='ltr'><strong>me</strong></span> <span class='ocrx_word' id='word_1_57' title='bbox 276 1263 371 1325; x_wconf 89' lang='lat' dir='ltr'><strong>soluto</strong></span> <span class='ocrx_word' id='word_1_58' title='bbox 386 1271 506 1344; x_wconf 89' lang='lat' dir='ltr'><strong>pectore</strong></span> <span class='ocrx_word' id='word_1_59' title='bbox 521 1263 558 1325; x_wconf 85' lang='lat' dir='ltr'><strong>ad</strong></span> <span class='ocrx_word' id='word_1_60' title='bbox 572 1264 703 1325; x_wconf 88' lang='lat' dir='ltr'><strong>studium</strong></span> <span class='ocrx_word' id='word_1_61' title='bbox 718 1271 833 1327; x_wconf 83' lang='lat' dir='ltr'><strong>vocent.</strong></span> 
     </span>
     <span class='ocr_line' id='line_1_13' title="bbox 119 1348 738 1428; baseline 0 -18"><span class='ocrx_word' id='word_1_62' title='bbox 119 1349 267 1426; x_wconf 90' lang='lat' dir='ltr'><strong>Legesne,</strong></span> <span class='ocrx_word' id='word_1_63' title='bbox 283 1366 406 1428; x_wconf 89' lang='lat' dir='ltr'><strong>quaeso,</strong></span> <span class='ocrx_word' id='word_1_64' title='bbox 422 1350 523 1428; x_wconf 89' lang='lat' dir='ltr'><strong>potius</strong></span> <span class='ocrx_word' id='word_1_65' title='bbox 538 1348 609 1409; x_wconf 87' lang='lat' dir='ltr'><strong>viles</strong></span> <span class='ocrx_word' id='word_1_66' title='bbox 624 1350 738 1418; x_wconf 87' lang='lat' dir='ltr'><strong>nenias,</strong></span> 
     </span>
     <span class='ocr_line' id='line_1_14' title="bbox 119 1433 757 1512; baseline 0.003 -20"><span class='ocrx_word' id='word_1_67' title='bbox 119 1433 274 1512; x_wconf 88' lang='lat' dir='ltr'><strong>impendas</strong></span> <span class='ocrx_word' id='word_1_68' title='bbox 289 1451 390 1494; x_wconf 91' lang='lat' dir='ltr'><strong>curam</strong></span> <span class='ocrx_word' id='word_1_69' title='bbox 405 1451 493 1512; x_wconf 89' lang='lat' dir='ltr'><strong>quam</strong></span> <span class='ocrx_word' id='word_1_70' title='bbox 507 1434 554 1494; x_wconf 89' lang='lat' dir='ltr'><strong>rei</strong></span> <span class='ocrx_word' id='word_1_71' title='bbox 568 1433 757 1502; x_wconf 76' lang='lat' dir='ltr'><strong>domesticae,</strong></span> 
     </span>
     <span class='ocr_line' id='line_1_15' title="bbox 120 1516 728 1596; baseline 0 -18"><span class='ocrx_word' id='word_1_72' title='bbox 120 1516 236 1578; x_wconf 87' lang='lat' dir='ltr'><strong>Reddas</strong></span> <span class='ocrx_word' id='word_1_73' title='bbox 250 1519 354 1578; x_wconf 91' lang='lat' dir='ltr'><strong>amicis</strong></span> <span class='ocrx_word' id='word_1_74' title='bbox 368 1525 516 1596; x_wconf 88' lang='lat' dir='ltr'><strong>tempora,</strong></span> <span class='ocrx_word' id='word_1_75' title='bbox 533 1519 618 1579; x_wconf 81' lang='lat' dir='ltr'><strong>uxori</strong></span> <span class='ocrx_word' id='word_1_76' title='bbox 633 1536 728 1588; x_wconf 81' lang='lat' dir='ltr'><strong>vaces,</strong></span> 
     </span>
     <span class='ocr_line' id='line_1_16' title="bbox 119 1601 720 1682; baseline 0 -19"><span class='ocrx_word' id='word_1_77' title='bbox 119 1603 256 1663; x_wconf 78' lang='lat' dir='ltr'><strong>Animum</strong></span> <span class='ocrx_word' id='word_1_78' title='bbox 272 1601 401 1671; x_wconf 80' lang='lat' dir='ltr'><strong>relaxes,</strong></span> <span class='ocrx_word' id='word_1_79' title='bbox 418 1604 510 1663; x_wconf 91' lang='lat' dir='ltr'><strong>otium</strong></span> <span class='ocrx_word' id='word_1_80' title='bbox 526 1602 579 1663; x_wconf 90' lang='lat' dir='ltr'><strong>des</strong></span> <span class='ocrx_word' id='word_1_81' title='bbox 593 1605 720 1682; x_wconf 86' lang='lat' dir='ltr'><strong>corpori,</strong></span> 
     </span>
    </p>

    <p class='ocr_par' dir='ltr' id='par_1_8' title="bbox 118 1687 723 1765">
     <span class='ocr_line' id='line_1_17' title="bbox 118 1687 723 1765; baseline 0.003 -20"><span class='ocrx_word' id='word_1_82' title='bbox 118 1687 155 1747; x_wconf 89' lang='lat' dir='ltr'><strong>Vt</strong></span> <span class='ocrx_word' id='word_1_83' title='bbox 170 1687 321 1748; x_wconf 76' lang='lat' dir='ltr'><strong>adsuetam</strong></span> <span class='ocrx_word' id='word_1_84' title='bbox 337 1687 444 1747; x_wconf 88' lang='lat' dir='ltr'><strong>lortius</strong></span> <span class='ocrx_word' id='word_1_85' title='bbox 462 1695 596 1765; x_wconf 86' lang='lat' dir='ltr'><strong>praestes</strong></span> <span class='ocrx_word' id='word_1_86' title='bbox 609 1687 723 1748; x_wconf 76' lang='lat' dir='ltr'><strong>vicem?</strong></span> 
     </span>
    </p>

    <p class='ocr_par' dir='ltr' id='par_1_9' title="bbox 118 1769 876 1933">
     <span class='ocr_line' id='line_1_18' title="bbox 118 1769 876 1850; baseline 0.001 -19"><span class='ocrx_word' id='word_1_87' title='bbox 118 1769 289 1831; x_wconf 88' lang='lat' dir='ltr'><strong>Mutandum</strong></span> <span class='ocrx_word' id='word_1_88' title='bbox 304 1770 361 1831; x_wconf 87' lang='lat' dir='ltr'><strong>tihi</strong></span> <span class='ocrx_word' id='word_1_89' title='bbox 375 1773 560 1850; x_wconf 92' lang='lat' dir='ltr'><strong>propositum</strong></span> <span class='ocrx_word' id='word_1_90' title='bbox 575 1779 665 1832; x_wconf 90' lang='lat' dir='ltr'><strong>estet</strong></span> <span class='ocrx_word' id='word_1_91' title='bbox 680 1774 757 1831; x_wconf 87' lang='lat' dir='ltr'><strong>vitae</strong></span> <span class='ocrx_word' id='word_1_92' title='bbox 772 1788 876 1848; x_wconf 86' lang='lat' dir='ltr'><strong>genus,</strong></span> 
     </span>
     <span class='ocr_line' id='line_1_19' title="bbox 119 1855 681 1933; baseline 0.002 -17"><span class='ocrx_word' id='word_1_93' title='bbox 119 1856 233 1917; x_wconf 90' lang='lat' dir='ltr'><strong>lntrarc</strong></span> <span class='ocrx_word' id='word_1_94' title='bbox 249 1857 274 1915; x_wconf 92' lang='lat' dir='ltr'><strong>si</strong></span> <span class='ocrx_word' id='word_1_95' title='bbox 289 1855 439 1917; x_wconf 89' lang='lat' dir='ltr'><strong>Musarum</strong></span> <span class='ocrx_word' id='word_1_96' title='bbox 454 1855 544 1917; x_wconf 87' lang='lat' dir='ltr'><strong>limen</strong></span> <span class='ocrx_word' id='word_1_97' title='bbox 560 1857 681 1933; x_wconf 84' lang='lat' dir='ltr'><strong>cogitas.</strong></span> 
     </span>
    </p>

    <p class='ocr_par' dir='ltr' id='par_1_10' title="bbox 119 1939 780 2020">
     <span class='ocr_line' id='line_1_20' title="bbox 119 1939 780 2020; baseline -0.002 -19"><span class='ocrx_word' id='word_1_98' title='bbox 119 1941 195 2018; x_wconf 88' lang='lat' dir='ltr'><strong>Ego,</strong></span> <span class='ocrx_word' id='word_1_99' title='bbox 211 1959 299 2020; x_wconf 91' lang='lat' dir='ltr'><strong>quem</strong></span> <span class='ocrx_word' id='word_1_100' title='bbox 313 1939 414 2006; x_wconf 89' lang='lat' dir='ltr'><strong>Pierio</strong></span> <span class='ocrx_word' id='word_1_101' title='bbox 428 1947 524 2000; x_wconf 87' lang='lat' dir='ltr'><strong>mater</strong></span> <span class='ocrx_word' id='word_1_102' title='bbox 539 1942 626 2000; x_wconf 81' lang='lat' dir='ltr'><strong>enixa</strong></span> <span class='ocrx_word' id='word_1_103' title='bbox 642 1949 688 2002; x_wconf 85' lang='lat' dir='ltr'><strong>est</strong></span> <span class='ocrx_word' id='word_1_104' title='bbox 700 1939 780 2018; x_wconf 90' lang='lat' dir='ltr'><strong>jugo,</strong></span> 
     </span>
    </p>

    <p class='ocr_par' dir='ltr' id='par_1_11' title="bbox 119 2023 747 2106">
     <span class='ocr_line' id='line_1_21' title="bbox 119 2023 747 2106; baseline -0.002 -21"><span class='ocrx_word' id='word_1_105' title='bbox 119 2026 151 2085; x_wconf 94' lang='lat' dir='ltr'><strong>ln</strong></span> <span class='ocrx_word' id='word_1_106' title='bbox 166 2043 225 2106; x_wconf 88' lang='lat' dir='ltr'><strong>quo</strong></span> <span class='ocrx_word' id='word_1_107' title='bbox 239 2025 353 2085; x_wconf 90' lang='lat' dir='ltr'><strong>tonanti</strong></span> <span class='ocrx_word' id='word_1_108' title='bbox 368 2031 468 2094; x_wconf 83' lang='lat' dir='ltr'><strong>sancta</strong></span> <span class='ocrx_word' id='word_1_109' title='bbox 483 2023 672 2103; x_wconf 81' lang='lat' dir='ltr'><strong>Mnemosyne</strong></span> <span class='ocrx_word' id='word_1_110' title='bbox 686 2023 747 2085; x_wconf 85' lang='lat' dir='ltr'><strong>lovi</strong></span> 
     </span>
    </p>

    <p class='ocr_par' dir='ltr' id='par_1_12' title="bbox 119 2108 779 2187">
     <span class='ocr_line' id='line_1_22' title="bbox 119 2108 779 2187; baseline -0.002 -16"><span class='ocrx_word' id='word_1_111' title='bbox 119 2109 256 2171; x_wconf 82' lang='lat' dir='ltr'><strong>Fecunda</strong></span> <span class='ocrx_word' id='word_1_112' title='bbox 272 2111 374 2169; x_wconf 88' lang='lat' dir='ltr'><strong>novics</strong></span> <span class='ocrx_word' id='word_1_113' title='bbox 389 2110 499 2179; x_wconf 87' lang='lat' dir='ltr'><strong>artium</strong></span> <span class='ocrx_word' id='word_1_114' title='bbox 513 2110 632 2187; x_wconf 85' lang='lat' dir='ltr'><strong>peperit</strong></span> <span class='ocrx_word' id='word_1_115' title='bbox 647 2108 779 2179; x_wconf 86' lang='lat' dir='ltr'><strong>chorum,</strong></span> 
     </span>
    </p>

    <p class='ocr_par' dir='ltr' id='par_1_13' title="bbox 118 2192 781 2273">
     <span class='ocr_line' id='line_1_23' title="bbox 118 2192 781 2273; baseline 0 -19"><span class='ocrx_word' id='word_1_116' title='bbox 118 2192 259 2265; x_wconf 81' lang='lat' dir='ltr'><strong>Quamvis</strong></span> <span class='ocrx_word' id='word_1_117' title='bbox 273 2195 304 2253; x_wconf 93' lang='lat' dir='ltr'><strong>in</strong></span> <span class='ocrx_word' id='word_1_118' title='bbox 320 2195 383 2273; x_wconf 89' lang='lat' dir='ltr'><strong>ipsa</strong></span> <span class='ocrx_word' id='word_1_119' title='bbox 400 2211 493 2272; x_wconf 86' lang='lat' dir='ltr'><strong>paene</strong></span> <span class='ocrx_word' id='word_1_120' title='bbox 508 2200 596 2254; x_wconf 88' lang='lat' dir='ltr'><strong>natus</strong></span> <span class='ocrx_word' id='word_1_121' title='bbox 610 2193 667 2254; x_wconf 89' lang='lat' dir='ltr'><strong>sim</strong></span> <span class='ocrx_word' id='word_1_122' title='bbox 682 2193 781 2254; x_wconf 90' lang='lat' dir='ltr'><strong>schola</strong></span> 
     </span>
    </p>

    <p class='ocr_par' dir='ltr' id='par_1_14' title="bbox 119 2276 822 2357">
     <span class='ocr_line' id='line_1_24' title="bbox 119 2276 822 2357; baseline -0.003 -18"><span class='ocrx_word' id='word_1_123' title='bbox 119 2279 283 2357; x_wconf 88' lang='lat' dir='ltr'><strong>Curamque</strong></span> <span class='ocrx_word' id='word_1_124' title='bbox 298 2276 427 2337; x_wconf 91' lang='lat' dir='ltr'><strong>habendi</strong></span> <span class='ocrx_word' id='word_1_125' title='bbox 441 2279 561 2357; x_wconf 91' lang='lat' dir='ltr'><strong>penitus</strong></span> <span class='ocrx_word' id='word_1_126' title='bbox 575 2277 665 2338; x_wconf 90' lang='lat' dir='ltr'><strong>corde</strong></span> <span class='ocrx_word' id='word_1_127' title='bbox 680 2278 822 2338; x_wconf 86' lang='lat' dir='ltr'><strong>eraserim</strong></span> 
     </span>
    </p>

    <p class='ocr_par' dir='ltr' id='par_1_15' title="bbox 119 2361 832 2431">
     <span class='ocr_line' id='line_1_25' title="bbox 119 2361 832 2431; baseline -0.004 -7"><span class='ocrx_word' id='word_1_128' title='bbox 119 2362 157 2424; x_wconf 87' lang='lat' dir='ltr'><strong>Et</strong></span> <span class='ocrx_word' id='word_1_129' title='bbox 171 2361 257 2422; x_wconf 87' lang='lat' dir='ltr'><strong>laude</strong></span> <span class='ocrx_word' id='word_1_130' title='bbox 272 2363 381 2422; x_wconf 91' lang='lat' dir='ltr'><strong>invicta</strong></span> <span class='ocrx_word' id='word_1_131' title='bbox 396 2364 484 2423; x_wconf 86' lang='lat' dir='ltr'><strong>vitam</strong></span> <span class='ocrx_word' id='word_1_132' title='bbox 499 2364 530 2422; x_wconf 90' lang='lat' dir='ltr'><strong>in</strong></span> <span class='ocrx_word' id='word_1_133' title='bbox 545 2362 620 2422; x_wconf 89' lang='lat' dir='ltr'><strong>hanc</strong></span> <span class='ocrx_word' id='word_1_134' title='bbox 634 2361 832 2431; x_wconf 88' lang='lat' dir='ltr'><strong>incubuerim,</strong></span> 
     </span>
    </p>

    <p class='ocr_par' dir='ltr' id='par_1_16' title="bbox 119 2445 727 2524">
     <span class='ocr_line' id='line_1_26' title="bbox 119 2445 727 2524; baseline -0.002 -17"><span class='ocrx_word' id='word_1_135' title='bbox 119 2445 283 2507; x_wconf 84' lang='lat' dir='ltr'><strong>Fastidiose</strong></span> <span class='ocrx_word' id='word_1_136' title='bbox 297 2453 396 2506; x_wconf 91' lang='lat' dir='ltr'><strong>tamen</strong></span> <span class='ocrx_word' id='word_1_137' title='bbox 411 2448 441 2506; x_wconf 92' lang='lat' dir='ltr'><strong>iu</strong></span> <span class='ocrx_word' id='word_1_138' title='bbox 457 2454 572 2507; x_wconf 87' lang='lat' dir='ltr'><strong>coetum</strong></span> <span class='ocrx_word' id='word_1_139' title='bbox 588 2447 727 2524; x_wconf 88' lang='lat' dir='ltr'><strong>recipior.</strong></span> 
     </span>
    </p>

    <p class='ocr_par' dir='ltr' id='par_1_17' title="bbox 119 2528 823 2609">
     <span class='ocr_line' id='line_1_27' title="bbox 119 2528 823 2609; baseline -0.001 -18"><span class='ocrx_word' id='word_1_140' title='bbox 119 2528 194 2601; x_wconf 82' lang='lat' dir='ltr'><strong>Quid</strong></span> <span class='ocrx_word' id='word_1_141' title='bbox 210 2529 309 2590; x_wconf 91' lang='lat' dir='ltr'><strong>credis</strong></span> <span class='ocrx_word' id='word_1_142' title='bbox 321 2529 364 2590; x_wconf 95' lang='lat' dir='ltr'><strong>illi</strong></span> <span class='ocrx_word' id='word_1_143' title='bbox 382 2530 532 2600; x_wconf 89' lang='lat' dir='ltr'><strong>accidere,</strong></span> <span class='ocrx_word' id='word_1_144' title='bbox 548 2533 599 2609; x_wconf 90' lang='lat' dir='ltr'><strong>qui</strong></span> <span class='ocrx_word' id='word_1_145' title='bbox 614 2547 735 2608; x_wconf 89' lang='lat' dir='ltr'><strong>magnas</strong></span> <span class='ocrx_word' id='word_1_146' title='bbox 749 2547 823 2609; x_wconf 89' lang='lat' dir='ltr'><strong>opes</strong></span> 
     </span>
    </p>

    <p class='ocr_par' dir='ltr' id='par_1_18' title="bbox 119 2615 656 2694">
     <span class='ocr_line' id='line_1_28' title="bbox 119 2615 656 2694; baseline -0.002 -18"><span class='ocrx_word' id='word_1_147' title='bbox 119 2615 304 2692; x_wconf 82' lang='lat' dir='ltr'><strong>Exaggerare</strong></span> <span class='ocrx_word' id='word_1_148' title='bbox 320 2617 438 2694; x_wconf 87' lang='lat' dir='ltr'><strong>quaerit</strong></span> <span class='ocrx_word' id='word_1_149' title='bbox 452 2617 531 2675; x_wconf 93' lang='lat' dir='ltr'><strong>omni</strong></span> <span class='ocrx_word' id='word_1_150' title='bbox 547 2615 656 2692; x_wconf 85' lang='lat' dir='ltr'><strong>vigilia,</strong></span> 
     </span>
    </p>

    <p class='ocr_par' dir='ltr' id='par_1_19' title="bbox 118 2697 768 2779">
     <span class='ocr_line' id='line_1_29' title="bbox 118 2697 768 2779; baseline -0.002 -18"><span class='ocrx_word' id='word_1_151' title='bbox 118 2700 210 2761; x_wconf 86' lang='lat' dir='ltr'><strong>Docto</strong></span> <span class='ocrx_word' id='word_1_152' title='bbox 225 2697 320 2759; x_wconf 91' lang='lat' dir='ltr'><strong>labori</strong></span> <span class='ocrx_word' id='word_1_153' title='bbox 335 2698 419 2759; x_wconf 89' lang='lat' dir='ltr'><strong>dulce</strong></span> <span class='ocrx_word' id='word_1_154' title='bbox 435 2717 620 2779; x_wconf 86' lang='lat' dir='ltr'><strong>praeponens</strong></span> <span class='ocrx_word' id='word_1_155' title='bbox 634 2699 768 2760; x_wconf 85' lang='lat' dir='ltr'><strong>lucrumi</strong></span> 
     </span>
    </p>

    <p class='ocr_par' dir='ltr' id='par_1_20' title="bbox 119 2782 849 2864">
     <span class='ocr_line' id='line_1_30' title="bbox 119 2782 849 2864; baseline 0 -20"><span class='ocrx_word' id='word_1_156' title='bbox 119 2784 176 2845; x_wconf 89' lang='lat' dir='ltr'><strong>Sed</strong></span> <span class='ocrx_word' id='word_1_157' title='bbox 193 2785 251 2844; x_wconf 89' lang='lat' dir='ltr'><strong>iam</strong></span> <span class='ocrx_word' id='word_1_158' title='bbox 267 2782 471 2864; x_wconf 86' lang='lat' dir='ltr'><strong>quodcumque</strong></span> <span class='ocrx_word' id='word_1_159' title='bbox 487 2783 593 2853; x_wconf 91' lang='lat' dir='ltr'><strong>luerit,</strong></span> <span class='ocrx_word' id='word_1_160' title='bbox 609 2792 641 2845; x_wconf 91' lang='lat' dir='ltr'><strong>ut</strong></span> <span class='ocrx_word' id='word_1_161' title='bbox 656 2784 733 2844; x_wconf 79' lang='lat' dir='ltr'><strong>dixit</strong></span> <span class='ocrx_word' id='word_1_162' title='bbox 747 2783 849 2854; x_wconf 89' lang='lat' dir='ltr'><strong>Sinon,</strong></span> 
     </span>
    </p>

    <p class='ocr_par' dir='ltr' id='par_1_21' title="bbox 119 2867 805 2947">
     <span class='ocr_line' id='line_1_31' title="bbox 119 2867 805 2947; baseline -0.001 -18"><span class='ocrx_word' id='word_1_163' title='bbox 119 2869 160 2929; x_wconf 79' lang='lat' dir='ltr'><strong>nd</strong></span> <span class='ocrx_word' id='word_1_164' title='bbox 176 2886 278 2946; x_wconf 91' lang='lat' dir='ltr'><strong>regem</strong></span> <span class='ocrx_word' id='word_1_165' title='bbox 293 2887 360 2928; x_wconf 92' lang='lat' dir='ltr'><strong>cum</strong></span> <span class='ocrx_word' id='word_1_166' title='bbox 376 2867 541 2929; x_wconf 84' lang='lat' dir='ltr'><strong>Dardaniae</strong></span> <span class='ocrx_word' id='word_1_167' title='bbox 556 2867 718 2947; x_wconf 89' lang='lat' dir='ltr'><strong>perductus</strong></span> <span class='ocrx_word' id='word_1_168' title='bbox 731 2868 805 2936; x_wconf 86' lang='lat' dir='ltr'><strong>iore,</strong></span> 
     </span>
    </p>

    <p class='ocr_par' dir='ltr' id='par_1_22' title="bbox 118 2951 738 3032">
     <span class='ocr_line' id='line_1_32' title="bbox 118 2951 738 3032; baseline -0.002 -18"><span class='ocrx_word' id='word_1_169' title='bbox 118 2953 241 3014; x_wconf 90' lang='lat' dir='ltr'><strong>Librum</strong></span> <span class='ocrx_word' id='word_1_170' title='bbox 257 2951 386 3014; x_wconf 82' lang='lat' dir='ltr'><strong>exarabo</strong></span> <span class='ocrx_word' id='word_1_171' title='bbox 401 2955 521 3013; x_wconf 87' lang='lat' dir='ltr'><strong>tertium</strong></span> <span class='ocrx_word' id='word_1_172' title='bbox 537 2954 645 3032; x_wconf 78' lang='lat' dir='ltr'><strong>Aesopi</strong></span> <span class='ocrx_word' id='word_1_173' title='bbox 661 2952 738 3023; x_wconf 89' lang='lat' dir='ltr'><strong>stilo,</strong></span> 
     </span>
    </p>

    <p class='ocr_par' dir='ltr' id='par_1_23' title="bbox 119 3036 743 3099">
     <span class='ocr_line' id='line_1_33' title="bbox 119 3036 743 3099; baseline -0.003 -1"><span class='ocrx_word' id='word_1_174' title='bbox 119 3038 230 3098; x_wconf 90' lang='lat' dir='ltr'><strong>Honori</strong></span> <span class='ocrx_word' id='word_1_175' title='bbox 246 3046 276 3099; x_wconf 87' lang='lat' dir='ltr'><strong>et</strong></span> <span class='ocrx_word' id='word_1_176' title='bbox 290 3037 407 3098; x_wconf 92' lang='lat' dir='ltr'><strong>meritis</strong></span> <span class='ocrx_word' id='word_1_177' title='bbox 423 3036 562 3098; x_wconf 91' lang='lat' dir='ltr'><strong>dedicans</strong></span> <span class='ocrx_word' id='word_1_178' title='bbox 576 3036 659 3099; x_wconf 90' lang='lat' dir='ltr'><strong>illum</strong></span> <span class='ocrx_word' id='word_1_179' title='bbox 674 3039 743 3098; x_wconf 90' lang='lat' dir='ltr'><strong>tuis.</strong></span> 
     </span>
    </p>

    <p class='ocr_par' dir='ltr' id='par_1_24' title="bbox 119 3120 936 3442">
     <span class='ocr_line' id='line_1_34' title="bbox 119 3120 832 3199; baseline -0.003 -17"><span class='ocrx_word' id='word_1_180' title='bbox 119 3120 212 3191; x_wconf 80' lang='lat' dir='ltr'><strong>Quem</strong></span> <span class='ocrx_word' id='word_1_181' title='bbox 227 3124 252 3182; x_wconf 92' lang='lat' dir='ltr'><strong>si</strong></span> <span class='ocrx_word' id='word_1_182' title='bbox 267 3121 362 3199; x_wconf 90' lang='lat' dir='ltr'><strong>leges,</strong></span> <span class='ocrx_word' id='word_1_183' title='bbox 379 3120 527 3191; x_wconf 67' lang='lat' dir='ltr'><strong>lactabam</strong></span> <span class='ocrx_word' id='word_1_184' title='bbox 542 3123 702 3183; x_wconf 87' lang='lat' dir='ltr'><strong>sinautem</strong></span> <span class='ocrx_word' id='word_1_185' title='bbox 717 3123 832 3190; x_wconf 91' lang='lat' dir='ltr'><strong>minus,-</strong></span> 
     </span>
     <span class='ocr_line' id='line_1_35' title="bbox 120 3205 807 3285; baseline 0.001 -21"><span class='ocrx_word' id='word_1_186' title='bbox 120 3205 278 3266; x_wconf 83' lang='lat' dir='ltr'><strong>llabebunt</strong></span> <span class='ocrx_word' id='word_1_187' title='bbox 291 3212 387 3274; x_wconf 90' lang='lat' dir='ltr'><strong>certe,</strong></span> <span class='ocrx_word' id='word_1_188' title='bbox 403 3223 462 3285; x_wconf 93' lang='lat' dir='ltr'><strong>quo</strong></span> <span class='ocrx_word' id='word_1_189' title='bbox 477 3223 509 3266; x_wconf 89' lang='lat' dir='ltr'><strong>se</strong></span> <span class='ocrx_word' id='word_1_190' title='bbox 524 3205 672 3266; x_wconf 88' lang='lat' dir='ltr'><strong>oblectent</strong></span> <span class='ocrx_word' id='word_1_191' title='bbox 686 3207 807 3284; x_wconf 89' lang='lat' dir='ltr'><strong>posteri.</strong></span> 
     </span>
     <span class='ocr_line' id='line_1_36' title="bbox 142 3287 936 3366; baseline -0.01 -14"><span class='ocrx_word' id='word_1_192' title='bbox 142 3288 260 3357; x_wconf 74' lang='lat' dir='ltr'><strong>Mune,</strong></span> <span class='ocrx_word' id='word_1_193' title='bbox 276 3287 440 3351; x_wconf 78' lang='lat' dir='ltr'><strong>tabularum</strong></span> <span class='ocrx_word' id='word_1_194' title='bbox 457 3307 511 3350; x_wconf 94' lang='lat' dir='ltr'><strong>cur</strong></span> <span class='ocrx_word' id='word_1_195' title='bbox 525 3291 565 3350; x_wconf 92' lang='lat' dir='ltr'><strong>sit</strong></span> <span class='ocrx_word' id='word_1_196' title='bbox 579 3291 730 3351; x_wconf 85' lang='lat' dir='ltr'><strong>inventum</strong></span> <span class='ocrx_word' id='word_1_197' title='bbox 745 3304 848 3366; x_wconf 85' lang='lat' dir='ltr'><strong>genus,</strong></span> <span class='ocrx_word' id='word_1_198' title='bbox 933 3336 936 3344; x_wconf 80' lang='grc'>,</span> 
     </span>
     <span class='ocr_line' id='line_1_37' title="bbox 120 3371 657 3442; baseline 0.002 -10"><span class='ocrx_word' id='word_1_199' title='bbox 120 3373 207 3433; x_wconf 91' lang='lat' dir='ltr'><strong>Brevi</strong></span> <span class='ocrx_word' id='word_1_200' title='bbox 222 3371 343 3432; x_wconf 90' lang='lat' dir='ltr'><strong>docebo.</strong></span> <span class='ocrx_word' id='word_1_201' title='bbox 374 3373 507 3433; x_wconf 91' lang='lat' dir='ltr'><strong>Servitus</strong></span> <span class='ocrx_word' id='word_1_202' title='bbox 522 3371 657 3442; x_wconf 87' lang='lat' dir='ltr'><strong>obnoxia,</strong></span> 
     </span>
    </p>

    <p class='ocr_par' dir='ltr' id='par_1_25' title="bbox 121 3454 765 3536">
     <span class='ocr_line' id='line_1_38' title="bbox 121 3454 765 3536; baseline 0.003 -19"><span class='ocrx_word' id='word_1_203' title='bbox 121 3455 196 3529; x_wconf 84' lang='lat' dir='ltr'><strong>Quia</strong></span> <span class='ocrx_word' id='word_1_204' title='bbox 211 3474 287 3536; x_wconf 89' lang='lat' dir='ltr'><strong>quae</strong></span> <span class='ocrx_word' id='word_1_205' title='bbox 304 3456 421 3528; x_wconf 85' lang='lat' dir='ltr'><strong>volebat</strong></span> <span class='ocrx_word' id='word_1_206' title='bbox 434 3475 493 3517; x_wconf 91' lang='lat' dir='ltr'><strong>nou</strong></span> <span class='ocrx_word' id='word_1_207' title='bbox 508 3454 635 3518; x_wconf 87' lang='lat' dir='ltr'><strong>audebat</strong></span> <span class='ocrx_word' id='word_1_208' title='bbox 650 3456 765 3528; x_wconf 82' lang='lat' dir='ltr'><strong>dicere,</strong></span> 
     </span>
    </p>
   </div>
   <div class='ocr_carea' id='block_1_5' title="bbox 842 3479 962 3612">
    <p class='ocr_par' dir='ltr' id='par_1_26' title="bbox 842 3479 962 3612">
     <span class='ocr_line' id='line_1_39' title="bbox 842 3479 962 3612; baseline 0 0"><span class='ocrx_word' id='word_1_209' title='bbox 842 3526 907 3612; x_wconf 48' lang='lat' dir='ltr'><strong>a*</strong></span> <span class='ocrx_word' id='word_1_210' title='bbox 948 3479 962 3488; x_wconf 63' lang='lat'><strong><em>„</em></strong></span> 
     </span>
    </p>
   </div>
   <div class='ocr_carea' id='block_1_6' title="bbox 0 0 1225 3824">
    <p class='ocr_par' dir='ltr' id='par_1_27' title="bbox 0 0 1225 3824">
     <span class='ocr_line' id='line_1_40' title="bbox 0 0 1225 3824; baseline 0 0"><span class='ocrx_word' id='word_1_211' title='bbox 0 0 1225 3824; x_wconf 95' lang='lat' dir='ltr'><strong> </strong></span> 
     </span>
    </p>
   </div>
  </div>
 </body>
</html>
