2438 3824
406 152 567 211 PHAEDRI
586 153 810 210 enumeravit

457 320 651 384 sturno
672 292 753 383 x'm.

339 419 454 486 owe,
471 419 638 473 omltvvs
655 421 710 473 ΕΨ
728 419 878 476 LVPVS.

172 507 339 570 Fraudator
353 507 489 570 homines
505 526 573 570 cum
592 508 713 570 advocat
733 525 873 588 sponsum
888 507 1040 590 inprobos,

129 592 195 656 Non
210 610 274 654 rem
289 593 449 672 expedire,
465 592 517 654 sed
533 592 641 655 malum
658 610 767 671 augere
782 594 905 675 expetit.

171 675 261 740 Ovem
277 678 401 756 rogabat
415 696 522 740 cervus
536 677 667 739 modium
683 678 778 740 tritici

128 762 213 843 Lupo
226 780 380 843 sponsore.
409 762 448 824 m
464 764 512 825 illa
528 771 737 844 praemetuens
751 761 866 825 ‹lolrrmz

128 846 243 927 Rapere
258 855 346 927 atque
360 846 444 910 abire
459 865 578 930 semper
592 847 726 910 adsuevit
740 847 836 928 lupus,
1070 856 1086 906 a

128 930 173 993 Tu
189 932 225 993 de
240 939 400 1011 conspectu
416 933 521 1012 lugere
536 932 629 995 veloci
644 935 763 1012 inpetu;

128 1014 183 1078 Vbi
198 1035 249 1078 vos
264 1019 434 1099 requiram,
449 1035 517 1079 cum
533 1017 597 1079 dies
611 1015 783 1079 adveneritl

418 1231 422 1237 Δ
450 1153 641 1214 unsrun
663 1153 758 1214 xvu.

359 1249 472 1315 ΟἩΒ,
490 1250 616 1304 cums
632 1252 689 1304 E'I'
704 1251 854 1306 LVPVS.

168 1336 273 1399 Solent
286 1338 444 1400 mendaces
459 1337 541 1399 luere
557 1357 667 1418 poenas
682 1338 817 1401 malefici.

126 1422 326 1486 Calumniator
341 1421 378 1484 ab
394 1441 447 1484 ove
462 1441 529 1484 cum
546 1431 661 1502 peteret
675 1425 767 1492 canis,

126 1506 220 1579 Quem
235 1507 435 1569 commodasse
450 1526 556 1588 panem
572 1525 603 1569 se
618 1508 820 1578 contenderet,

126 1592 228 1671 Lupus
242 1594 350 1654 citatus
366 1594 521 1654 testisnon
540 1611 629 1653 uuum
646 1592 732 1654 modo

127 1676 236 1738 Deberi
252 1676 342 1746 dixit,
358 1696 461 1739 verum
477 1676 640 1738 adtitulavit
654 1678 767 1740 decem.

127 1760 197 1824 Ovis
213 1761 348 1822 damnata
363 1762 435 1824 lalso
450 1763 620 1830 testimonio

126 1844 209 1917 Quod
225 1864 283 1907 nou
299 1845 428 1909 debebat
442 1847 538 1908 solvit.
568 1846 638 1909 Post
653 1864 763 1927 paucos
777 1846 841 1909 dies

127 1930 238 1993 Bidens
253 1932 399 1992 iacentem
414 1932 445 1992 in
461 1932 545 1992 lovea
559 1933 716 2012 conspexit
730 1932 845 2012 lupum:

126 2013 221 2085 llaec,
236 2015 350 2095 inquit,
366 2034 482 2078 merces
496 2016 609 2078 fraudis
622 2035 639 2078 a
654 2018 771 2096 superis
786 2016 882 2078 datur.

440 2166 633 2229 FABVLA
653 2168 765 2229 XVIII.

367 2265 537 2319 munla
553 2265 837 2319 PARuvaNS.

166 2350 260 2414 Nemo
274 2351 404 2414 libenter
419 2353 524 2414 recolit
538 2354 589 2433 qui
604 2352 689 2415 laesit
702 2353 810 2415 locum.

123 2437 254 2499 Instante
269 2445 355 2518 partu
370 2438 478 2500 mulier
493 2439 567 2499 actis
582 2438 734 2500 mensibus

124 2522 219 2583 Humo
234 2521 349 2584 iacebat
365 2521 481 2585 llebiles
495 2525 623 2602 gemitus
638 2526 732 2585 ciens.

124 2605 177 2667 Vir
191 2613 236 2667 est
249 2606 398 2678 hortatus,
413 2626 521 2688 corpus
536 2607 612 2670 lecto
626 2610 784 2688 reciperet,

124 2689 206 2752 Onus
220 2701 343 2753 naturae
358 2692 464 2755 melius
479 2710 537 2773 quo
552 2691 724 2773 deponeret.

123 2774 260 2846 Minime,
275 2777 387 2855 inquit,
404 2775 456 2840 illo
470 2795 556 2856 posse
571 2778 687 2840 conlido
701 2777 766 2838 loco

122 2857 231 2922 bialum
245 2861 342 2932 liniri,
358 2879 416 2942 quo
431 2870 606 2942 conceptum
620 2870 666 2924 est
680 2864 777 2923 initio.

454 2996 644 3059 FABVLA
665 2999 745 3059 xlx,

385 3095 510 3148 coms
527 3094 812 3150 Potentiamne.

163 3179 281 3242 Habent
297 3179 421 3242 insidias
436 3181 565 3243 bominis
580 3181 742 3244 blanditiae
760 3182 848 3243 mali:

121 3262 201 3335 Quas
217 3272 248 3326 ut
264 3265 391 3327 vitemus
405 3284 509 3328 versus
523 3265 650 3328 subiecti
665 3275 795 3328 monent.

164 3348 252 3409 Carris
267 3350 438 3427 parturiens
453 3369 519 3412 cum
535 3357 670 3429 rogasset
684 3351 817 3423 alteram,

120 3431 158 3493 Vt
171 3433 264 3494 letum
278 3434 311 3494 in
325 3435 392 3496 eius
404 3438 525 3514 tugurio
539 3435 712 3516 deponeret,

221 3764 323 3788 Α
