2438 3824
268 197 270 202 -
303 188 305 192 >
319 161 367 216 DE
381 161 543 216 PHAEDRI
556 160 644 216 VITA
658 161 705 216 ΕΤ
718 161 884 218 SCRIPTIS.
1029 172 1082 220 VII

120 312 236 393 Aesopo
254 312 301 373 vel
321 312 439 374 aliunde
459 311 610 374 transtulit
629 319 733 374 auctor
752 314 859 393 partim
874 311 992 374 novavit
1006 312 1079 390 ipse,

122 398 278 480 aliquando
293 399 438 459 iodicium
453 398 621 468 desideres,
638 417 694 459 nec
710 417 779 459 vero
793 400 1006 478 proprietatem
1021 396 1080 473 logi

120 484 240 564 hesopii
261 484 333 545 satis
352 491 435 544 recte
456 490 508 545 aut
527 485 714 564 perspexisse
737 492 788 545 aut
801 490 988 563 perspectam
1004 482 1079 561 opti·

120 571 222 630 nuisse
237 568 354 629 videtur
374 568 463 630 idem.
506 567 560 629 Est
579 576 678 629 tamen
693 568 745 629 ubi
766 570 899 629 carmina
921 569 987 628 eius
1000 565 1078 626 omni

120 653 266 730 elegantia
286 653 421 714 floreant.
466 653 582 715 Genere
608 652 726 714 dicendi
752 654 847 714 utitur
867 661 900 714 ut
920 652 1080 732 plurimum

119 738 199 799 facili
226 745 256 799 et
283 737 415 807 urbano,
449 737 607 818 aliquando
633 755 704 799 sane
735 756 841 819 parum
871 736 994 798 subacto
1024 751 1080 796 nec

119 824 193 883 satis
212 822 289 883 laeto
308 829 360 884 aut
379 822 487 884 vivido.
529 821 562 882 ld
576 823 679 889 vitium
695 825 822 884 maxime
842 822 994 884 declarant
1012 818 1079 880 abs·

119 914 212 968 tracta
238 909 334 987 posita
360 925 415 989 pro
440 908 589 968 concretis
619 907 718 988 qualia
750 907 843 968 habes
873 905 1008 969 versibus
1033 904 1079 965 his

109 993 197 1058 '‘tum
212 992 332 1053 demum
347 995 492 1070 ingemuit
511 993 598 1053 corvi
608 992 751 1072 deceptus
764 993 884 1070 stupor'
911 992 973 1052 ‘sic
988 997 1079 1051 totam

118 1077 259 1156 praedam
274 1077 336 1138 sola
351 1077 517 1156 inprobitas
532 1076 671 1138 abstulit’
692 1077 769 1138 aliis.
805 1075 886 1137 ldem
907 1073 985 1156 quod
1000 1073 1079 1135 hand

119 1163 161 1222 ita
175 1179 244 1226 raro
259 1180 365 1240 graeca
380 1161 522 1222 vocabula
537 1159 687 1230 adhibuit,
704 1160 873 1223 tabularum
888 1179 942 1240 per
956 1160 1079 1221 humum

118 1248 288 1326 repentium
305 1247 348 1317 (ut
362 1247 477 1307 Horatii
491 1244 592 1306 verbis
606 1247 682 1320 utar)
700 1248 882 1325 proprietate
904 1253 933 1307 et
947 1263 1078 1305 commu·

118 1332 167 1391 nis
186 1333 264 1391 vitae
285 1349 340 1392 uso
362 1332 435 1392 satis
455 1338 623 1391 excusatur.
666 1330 757 1391 Valde
778 1329 897 1392 excellit
917 1331 1004 1391 metri
1026 1347 1078 1409 pe·

119 1416 205 1486 ritia,
234 1422 266 1475 ut
285 1422 385 1476 tamen
404 1433 509 1476 versos
528 1417 593 1476 eius
612 1432 683 1476 cura
704 1416 892 1495 potissimum
914 1422 944 1476 et
965 1413 1077 1483 labore,

119 1516 178 1560 non
201 1499 325 1577 perinde
345 1503 443 1561 nativo
463 1500 589 1581 quodem
611 1499 712 1579 lepore
733 1498 832 1580 (quem
853 1502 964 1561 sentias
984 1500 1078 1577 magis

119 1601 207 1662 quam
228 1583 390 1662 describas)
412 1594 563 1664 praestaro
584 1586 762 1646 existimem.
803 1584 862 1646 Sed
883 1585 920 1646 de
941 1584 989 1645 his
1008 1601 1077 1663 pro·

118 1670 199 1728 ximo
214 1670 311 1747 capite
326 1668 516 1730 disseremus

181 1752 218 1813 ΙΙ.
256 1751 330 1815 Nam
357 1772 423 1816 oum
439 1753 630 1822 Terrboerus,
659 1753 820 1834 bibliopola
842 1754 1076 1823 honestissimus,

114 1855 165 1898 me
181 1845 315 1914 rogasset
333 1845 367 1899 ot
381 1838 509 1900 Phaedri
525 1837 653 1900 Fabulas
671 1857 687 1899 a
703 1839 856 1900 Dresslero
871 1839 967 1900 editas
981 1839 1077 1900 denuo

118 1939 377 2000 recognoscerem,
398 1925 538 2002 equidem
553 1924 681 1985 maxime
696 1926 727 1984 in
743 1942 778 1984 eo
799 1924 982 2001 diligentiam
998 1926 1076 2003 posi·

117 2013 177 2067 tam
198 2006 276 2069 volui
298 2015 330 2067 ut
350 2010 472 2069 metrica
495 2026 544 2069 ars
564 2015 668 2088 poetae
684 2008 780 2088 qualis
796 2016 875 2071 esset
889 2010 1008 2070 tandem
1023 2010 1076 2071 ali·

118 2091 236 2171 quando
255 2091 341 2167 plene
368 2100 536 2172 appareret.
578 2093 679 2172 ltaque
706 2095 835 2172 primum
856 2097 988 2155 omnium
1008 2113 1077 2174 pro·

118 2175 229 2254 mythia
251 2178 416 2238 carminum
437 2195 453 2237 a
473 2177 592 2238 Perotto
612 2183 796 2239 servatorum
816 2182 847 2239 in
866 2187 993 2240 metrum
1007 2198 1077 2240 con·

118 2265 195 2320 torta
225 2278 242 2321 a
271 2261 421 2323 nonnullis
449 2262 581 2343 pedestri
612 2263 737 2324 orationi
767 2265 902 2334 restitui,
934 2281 989 2325 nec
1019 2283 1077 2326 oon

118 2342 234 2405 fabulas
260 2344 296 2406 de
318 2345 443 2416 Romulo
470 2346 517 2407 vel
542 2346 660 2407 aliunde
683 2346 810 2409 adscitas
837 2356 868 2410 et
889 2348 978 2410 Gudii
1001 2349 1076 2410 Bur·

120 2429 220 2488 manni
242 2428 387 2491 Dressleri
413 2448 504 2509 opera
529 2429 668 2498 versibus
692 2440 827 2494 exaratas
846 2433 1029 2495 foedissimis
1048 2441 1079 2495 et

121 2510 158 2571 ab
185 2520 249 2573 arte
274 2512 402 2576 Phaedri
430 2514 623 2576 alienissimis
647 2516 723 2576 eieci
750 2535 867 2588 omnes,
898 2536 965 2580 cum
990 2537 1076 2598 prae·

121 2598 225 2657 sertim
252 2616 289 2658 ne
315 2599 371 2660 hoc
390 2600 510 2679 quidem
539 2607 618 2661 esset
643 2608 795 2678 apertum,
824 2620 860 2662 ex
880 2602 970 2664 huius
991 2603 1078 2665 libris

119 2682 247 2758 integris
267 2701 303 2744 ao
324 2683 442 2745 aliunde
463 2685 569 2746 ductae
592 2693 692 2746 essent
706 2685 874 2768 pleraeque.
910 2687 977 2767 lpse
997 2691 1077 2750 enim

119 2783 157 2826 ne
177 2774 354 2847 temptarem
375 2770 407 2829 tn
429 2770 535 2832 melius
559 2770 626 2831 illas
648 2771 796 2848 retingere
818 2772 990 2851 prohibitus
1011 2791 1076 2835 som

118 2853 247 2929 primum
274 2870 310 2912 eo
336 2853 414 2932 quod
440 2855 485 2916 vel
508 2856 573 2915 sine
601 2852 661 2915 illis
688 2857 760 2916 satis
784 2874 931 2937 superque
958 2876 1076 2936 poema·

119 2942 183 2997 tum
203 2944 362 3016 suppetere
377 2938 530 3000 constabat
544 2940 610 3000 usui
626 2939 808 3010 scholarum,
829 2941 936 3003 deinde
951 2943 1030 3023 quod
1045 2944 1077 3004 m

118 3027 198 3081 tanta
221 3021 337 3083 Romuli
363 3029 394 3083 et
419 3026 557 3106 anonymi
577 3022 739 3085 Nilantiani
762 3023 901 3086 barbarie
927 3035 977 3088 aut
1002 3045 1076 3088 nova

119 3122 185 3164 meo
204 3107 337 3184 periculo
357 3108 548 3187 conponenda
565 3125 629 3169 esse
645 3108 781 3169 videbam
808 3112 938 3172 carmina
965 3119 1016 3173 aut
1040 3111 1075 3171 il·

119 3187 176 3248 lam
191 3199 355 3252 metrorum
375 3190 596 3272 dictionumque
616 3195 809 3254 vitiositatem
824 3195 1009 3257 retinendam
1026 3200 1075 3259 cui

118 3273 235 3350 priores
249 3275 445 3338 indulserant.
474 3276 576 3357 ltaque
592 3295 713 3356 operam
727 3295 830 3339 vanam
847 3296 901 3338 nec
917 3289 968 3339 aut
982 3281 1075 3343 Phae·

119 3355 173 3415 dro
188 3365 238 3418 aut
252 3361 347 3438 ipsius
361 3361 502 3421 studiosis
516 3361 700 3440 profuturam
717 3363 777 3421 cito
789 3361 936 3422 damnavit
947 3368 1074 3427 animus.

119 3438 256 3503 Ceterum
267 3462 303 3503 eo
314 3445 426 3505 maiore
439 3463 510 3507 cura
522 3446 593 3514 cavi,
610 3453 642 3508 ut
656 3447 686 3509 in
702 3447 830 3508 sinceris
843 3444 1090 3506 tabultshssssx
