2438 3824
122 153 159 201 v1
321 143 369 198 DE
384 142 545 222 Puteum
558 143 646 198 VITA
660 143 707 198 ΕΤ
721 142 886 200 scutrum.

122 292 271 355 stantibus
289 295 414 372 rogavit.
458 292 539 354 Idem
559 299 658 353 tamen
678 295 814 354 insecuto
835 300 969 374 tempore
991 316 1006 357 a
1026 314 1078 357 no·

122 380 238 440 xiorum
260 380 380 440 iniuriis
398 385 480 439 tutus
500 384 617 439 etcum
637 378 747 439 nullius
765 385 886 459 praeter
905 381 1013 441 tamam
1033 382 1079 441 rei

123 471 202 524 esset
222 463 348 543 cupidus
367 465 440 524 satis
459 463 564 525 beatus
587 461 706 524 ridetur
725 465 833 524 vixisse
854 482 909 524 nec
929 467 989 526 nisi
1010 483 1078 546 pro·

122 555 205 608 vecta
225 555 320 609 aetate
340 547 450 608 obisse.
493 546 607 609 Nomen
629 549 661 608 in
682 549 857 627 antiquitate
880 566 915 608 ae
934 567 990 630 per
1010 567 1079 629 pro-

123 634 201 692 xima
227 632 344 693 saecula
371 631 448 694 haud
469 635 510 694 ita
532 649 686 710 magnum,
715 634 831 693 auctius
857 631 943 710 louge
964 635 1078 694 recenti

124 724 256 795 tempore
277 714 414 796 optinuit.
458 716 631 797 hequahum
653 717 718 781 eius
743 724 776 777 ut
795 716 929 778 libertini
957 719 1078 796 ingenio

123 800 353 862 obtrectantium
373 799 515 862 invidiam
535 801 695 880 plurimum
711 803 793 880 carpi
808 808 923 863 constat
944 801 981 862 ab
1002 804 1076 882 ipso.

123 885 261 947 Ceterum
282 884 318 945 de
338 886 399 945 vita
419 892 449 945 et
469 884 589 946 casibus
608 887 673 946 eius
687 903 755 947 cum
770 884 841 946 alibi
862 886 938 947 nihil
957 889 997 948 sit
1017 894 1078 948 tra·

123 969 217 1031 ditum
238 971 416 1050 antiquitus,
437 969 579 1050 quiequid
597 971 729 1031 innotuit
748 971 843 1050 ipsius
858 970 998 1032 docemur
1013 989 1078 1033 car·

122 1053 265 1116 minibus.

186 1139 312 1220 Scripsit
341 1146 439 1202 autem
467 1141 613 1220 Aesopum
642 1147 762 1201 secutus
790 1138 957 1203 fabularum
985 1139 1080 1202 libros

122 1225 268 1306 quinque,
295 1225 441 1305 equibus
466 1232 565 1286 tamen
585 1231 630 1286 sai
651 1227 759 1286 multas
780 1224 968 1286 intercidisse
990 1244 1078 1306 appa·

123 1317 170 1370 ret
194 1328 253 1372 uon
278 1311 364 1371 modo
386 1309 498 1372 Perotti
522 1311 616 1388 copiis
637 1311 688 1390 qui
710 1309 809 1371 medio
832 1310 949 1372 saeculo
975 1313 1079 1391 quinto

123 1394 239 1456 decimo
258 1413 329 1456 usus
343 1394 514 1456 membrana
538 1393 729 1474 locupletiore
751 1394 845 1456 xxxi
866 1403 998 1474 poemata
1015 1413 1078 1455 ser·

123 1481 201 1541 vavit
224 1498 299 1560 quae
327 1498 386 1540 non
411 1481 603 1558 reperiuntur
627 1480 659 1540 in
685 1478 841 1547 codicibus
860 1479 1022 1540 Pithoeano
1049 1486 1079 1541 et

122 1563 261 1626 bentensi
282 1563 334 1625 sed
356 1570 385 1625 et
404 1563 520 1625 Romuli
541 1570 571 1625 et
590 1565 728 1642 anonymi
750 1563 905 1626 cuiusdam
924 1562 1078 1642 (Nitentia

123 1668 195 1710 nuru
218 1647 304 1726 vulgo
330 1648 510 1729 nuncupant)
540 1647 684 1727 exemplis
709 1649 760 1727 qui
786 1647 925 1728 apologos
951 1648 1079 1709 Phaedri

123 1734 279 1814 pterosque
297 1735 328 1794 in
344 1733 510 1812 pedestrem
526 1732 673 1793 resolvere
689 1750 866 1794 sermonem.
898 1732 936 1795 Et
951 1752 967 1794 e
982 1735 1079 1813 primo

87 1839 91 1848 ·
123 1818 223 1881 libeiio
248 1818 392 1898 quaedam
417 1820 531 1897 perisse
561 1820 656 1896 ipsius
686 1826 789 1896 poetae
819 1819 990 1878 testimonio
1026 1818 1078 1879 ad·

124 1906 265 1972 struitur,
286 1904 395 1982 quippe
415 1903 465 1982 qui
481 1909 584 1963 narret
597 1904 628 1962 in
644 1919 680 1962 eo
695 1903 783 1962 etiam
800 1900 923 1963 arbores
938 1921 1003 1964 esse
1019 1903 1078 1964 eoi·

123 1989 250 2055 locutas,
273 1989 359 2046 cuius
380 2005 458 2047 nuere
480 1987 600 2066 quidem
622 1988 665 2047 rei
687 2004 741 2047 nee
761 1986 824 2047 vcia
847 2005 902 2046 nee
922 1989 1079 2064 vestigium

124 2079 213 2133 extat.
256 2070 412 2132 Praeterea
438 2071 599 2132 secuudum
620 2070 754 2131 volumen
775 2079 806 2131 et
827 2073 961 2150 quintum
985 2070 1079 2150 piuri-

123 2174 203 2217 mum
225 2154 301 2216 labis
322 2157 444 2216 traxisse
467 2157 529 2235 ipsa
553 2157 700 2234 paucitate
722 2154 896 2215 fabellarum
918 2155 1078 2217 indicatur.

124 2239 269 2320 Opuscuia
293 2239 403 2300 Perotti
424 2242 506 2300 curis
526 2246 638 2300 servata
661 2239 738 2319 qnod
759 2239 879 2320 quidam
896 2249 1077 2317 negaverunt

124 2343 189 2386 esse
204 2323 346 2392 Phaedri,
368 2323 439 2384 mihi
462 2324 581 2403 quidem
603 2342 660 2384 non
682 2342 769 2384 ovum
785 2342 838 2384 ovo
855 2324 1078 2386 simiiius'vide-

123 2417 172 2469 tur
192 2426 280 2489 quem
300 2408 349 2469 ilia
371 2408 495 2487 reliquis
515 2407 675 2488 dequibus
691 2426 748 2468 non
764 2407 933 2480 dubitatur,
955 2411 1016 2471 sive
1031 2429 1078 2471 ra·

123 2495 220 2554 tiones
240 2494 403 2553 carminum
421 2495 576 2571 spectaris,
598 2495 659 2552 sive
677 2493 840 2553 dictionum
856 2501 1078 2574 metrorumque

123 2578 331 2658 proprietates.
382 2576 457 2638 Puto
486 2585 582 2636 autem
613 2575 764 2638 Perottum
795 2595 879 2638 usum
910 2579 1078 2659 apographo

123 2662 257 2723 mutilato
286 2661 399 2722 codicis
427 2661 578 2740 archetypi
608 2661 753 2722 librorum
781 2660 936 2723 Remensis
965 2681 999 2723 ac
1029 2664 1077 2723 Pi·

123 2747 260 2814 thoeani,
290 2753 352 2807 tum
381 2746 515 2806 coniecto
544 2764 609 2805 eum
640 2753 718 2806 esset
747 2747 863 2823 integer
891 2747 951 2807 iiie.
995 2746 1077 2807 Vnde

122 2830 209 2894 facile
226 2830 390 2909 explicatur
406 2829 483 2910 quod
499 2832 634 2891 traiectis
649 2838 761 2891 temere
782 2829 897 2899 verbis,
920 2832 991 2891 vitio
1007 2833 1079 2891 satis

124 2914 282 2992 singulari,
307 2933 395 2993 saepe
416 2921 446 2975 et
467 2916 497 2974 in
520 2913 621 2974 italico
642 2922 672 2975 et
688 2917 718 2975 in
735 2913 855 2975 Gallicis
875 2913 962 2974 libris
976 2913 1077 2975 turha·

123 3009 195 3062 tum.
240 2998 297 3059 Sed
313 2999 349 3058 de
365 2999 420 3058 hae
434 3017 467 3059 re
483 2998 576 3058 dicam
593 2997 674 3059 alibi.
718 2997 856 3060 Ceterum
879 3016 981 3058 eorum
1003 3017 1077 3078 quae

124 3090 247 3145 aetatem
270 3083 364 3142 tulere
386 3082 598 3162 exemplarium
620 3084 677 3143 iata
699 3085 751 3162 qui
773 3079 910 3161 pluribus
930 3081 1007 3142 volet
1029 3101 1078 3142 ee·

123 3184 283 3243 paciscere,
320 3168 450 3227 inveniet
473 3168 549 3244 apud
572 3166 714 3227 Oreiiium
741 3169 772 3227 in
799 3165 928 3226 editione
951 3165 1077 3229 Phaedri

123 3253 225 3314 'surici
248 3250 362 3326 vulgata
389 3269 416 3311 a.
440 3247 519 3312 1831
547 3259 577 3312 et
597 3255 724 3330 repetita
750 3251 886 3330 proximo
908 3268 985 3310 anno
1010 3271 1078 3314 cum

123 3335 405 3510 appaeddddcdigendis
425 3419 661 3509 adornandisque
681 3418 804 3507 fabulis,
825 3437 898 3505 quas
918 3423 1027 3504 partim
1042 3440 1079 3487 cx
