2438 3824
519 191 628 248 LIBER
648 190 697 248 111.

127 342 209 415 Quae
223 360 318 422 genus
330 350 489 422 utrumque
504 349 605 404 nosset
619 359 686 404 oum
702 342 913 423 pulcherrime,

126 429 237 506 Legem
252 426 366 488 duabus
381 427 456 487 hanc
471 429 626 507 proposuit
640 428 791 507 partibus:

128 513 192 574 Non
208 514 420 573 inconveniens
434 529 543 591 corpus
557 519 588 573 et
603 530 656 591 par
670 521 716 574 est
730 512 821 583 color,

127 597 160 659 lu
176 596 299 659 dubium
313 596 400 677 plane
415 613 466 658 res
480 604 512 657 ut
527 598 634 657 merito
649 599 774 659 venerit.

127 682 185 743 Sed
200 701 237 742 ne
254 681 359 759 religio
373 688 478 761 peccet
491 680 656 760 inprudens
671 700 746 750 mea,

127 768 213 828 Alvos
228 768 352 846 accipite
368 775 397 826 et
412 767 491 826 cerie
505 784 580 845 opus
594 766 753 836 infundite,

127 853 163 912 Vt
177 870 214 912 ex
229 869 333 931 sapore
348 849 445 910 mellis
459 857 490 910 et
503 850 599 910 iorma
613 852 682 919 lari,

126 937 168 996 lle
183 937 251 1016 quis
264 952 343 996 nune
358 937 470 1012 agitur,
486 942 590 995 auctor
604 934 710 996 horum
726 943 877 1017 appareat.

126 1023 201 1082 Fuci
216 1028 371 1080 recusant:
392 1018 501 1098 apibus
515 1019 650 1080 condicio
666 1019 772 1099 placet.

126 1105 209 1166 Tunc
225 1104 273 1165 illa
289 1104 340 1164 tali
355 1106 402 1164 ius
417 1104 484 1164 tulit
499 1106 660 1165 sententia:

126 1192 267 1266 Apertum
283 1189 408 1267 estquis
422 1206 480 1248 non
495 1190 604 1268 possit,
620 1191 732 1268 etquis
746 1190 864 1252 iecerit.

125 1272 312 1353 Quapropter
327 1272 433 1351 apibus
447 1273 578 1333 iructum
593 1276 718 1334 restituo
734 1293 830 1335 suum.

167 1358 250 1418 Hanc
264 1359 474 1437 praeterissem
488 1355 617 1418 labulam
632 1357 761 1427 silentio,

126 1440 158 1502 Si
173 1449 287 1520 pactam
304 1442 364 1502 iuni
380 1459 439 1502 non
453 1449 642 1502 recusassent
656 1442 753 1503 fidem.

457 1592 649 1654 FABVLA
670 1593 751 1654 XIV.

326 1691 384 1743 DE
400 1690 513 1742 Lvev
528 1691 584 1742 ET
601 1692 880 1744 SEVERITATE.

155 1778 331 1840 Puerorum
347 1780 378 1838 in
394 1776 481 1838 turba
495 1777 616 1858 quidam
631 1778 780 1839 ludentem
795 1782 911 1842 Atticus

124 1863 271 1942 Aesopum
285 1861 412 1923 nucibus
426 1879 494 1922 cum
510 1862 646 1932 vidisset,
662 1865 773 1924 restitit

124 1949 162 2010 Et
176 1949 262 2028 quasi
278 1946 404 2007 delirum
419 1948 496 2006 risit.
526 1944 610 2016 Quod
624 1949 720 2009 sensit
733 1947 822 2009 simul

123 2034 242 2095 Derisor
256 2033 457 2112 potiusquam
473 2031 654 2092 deridendus
668 2050 768 2102 senex,

91 2125 96 2137 '
124 2119 231 2179 Arcum
246 2124 398 2177 retensum
413 2117 513 2195 posuit
527 2117 558 2175 in
573 2116 673 2177 media
688 2119 749 2179 via:

123 2202 217 2263 Heus!
239 2203 349 2282 inquit,
366 2201 498 2280 sapiens,
515 2201 636 2279 expedi,
652 2202 723 2280 quid
739 2203 873 2266 fecerim,

121 2287 280 2356 Concurrit
295 2285 430 2364 populus.
460 2283 512 2345 llle
528 2303 560 2346 se
575 2293 695 2366 torquet
710 2286 761 2347 diu

123 2371 184 2431 Nee
198 2371 381 2450 quaestionis
395 2370 509 2449 positae
523 2387 641 2432 causam
656 2370 812 2448 intellegit

124 2454 288 2515 Novissime
303 2452 479 2514 succumbit.
510 2453 584 2514 Tum
601 2456 694 2516 victor
709 2455 835 2535 sophus:

122 2539 187 2601 Cito
201 2556 322 2618 rumpes
336 2556 452 2607 arcum,
468 2556 586 2618 semper
601 2540 627 2599 si
641 2546 757 2601 tensum
772 2539 929 2610 habueris:

121 2625 158 2685 tt
172 2626 197 2684 si
212 2623 335 2692 laxaris,
352 2639 420 2683 cum
435 2621 515 2683 voles
530 2625 589 2683 crit
603 2623 695 2685 utilis.

163 2708 212 2770 Sic
227 2708 314 2769 ludus
329 2709 426 2767 animo
442 2705 532 2767 debet
546 2706 704 2787 aliquando
719 2707 794 2778 dari,

120 2791 163 2855 td
178 2791 366 2871 cogitandum
381 2790 487 2852 melior
500 2797 535 2851 ut
547 2792 650 2853 redeat
664 2791 729 2853 tibi.

460 2943 653 3004 FABVLA
674 2944 739 3003 XV.

407 3041 533 3092 cume
550 3041 608 3093 AD
625 3042 792 3096 Aemvm.
853 3061 856 3067 ’

160 3130 241 3191 lnter
256 3128 382 3208 capellas
399 3144 474 3205 agno
489 3128 601 3207 palanti
617 3131 714 3189 canis:

118 3213 227 3284 Stulte,
244 3215 356 3293 inquit,
373 3230 472 3282 erras;
488 3230 546 3272 non
563 3219 608 3272 est
621 3211 670 3273 hle
685 3219 779 3274 mater
794 3219 860 3274 tua:

117 3299 252 3377 Ovesque
268 3306 438 3374 segregatas
452 3296 583 3357 ostendit
598 3296 711 3375 procul.

117 3379 183 3443 Non
198 3381 277 3441 illam
292 3397 419 3460 quaero,
435 3396 528 3459 quae,
545 3397 612 3441 oum
627 3379 745 3441 libitum
761 3388 819 3449 est,
836 3380 976 3460 concipit,

116 3464 192 3527 Dein
207 3471 306 3545 portat
319 3481 395 3525 onus
408 3466 541 3541 ignotum
559 3466 650 3525 certis
664 3465 828 3535 mensibus,
1005 3501 1007 3504 ⁴
1060 3471 1085 3527 ts
