2438 3824
489 180 640 237 LIBERI.
662 179 697 236 II.

436 364 629 427 FABVLA
649 363 757 424 XXXI.

349 464 514 518 mnvvs
530 465 586 516 ΕΤ
604 459 846 515 common.

159 571 215 642 Qui
229 589 261 632 se
276 572 435 630 committit
449 568 563 630 bomini
577 566 731 629 tutandum
747 563 884 646 inprobo,

118 657 234 719 Auxilia
251 655 321 716 dum
336 655 478 734 requirit,
495 654 618 714 exitium
633 653 755 713 invenit.

160 739 319 802 Columbae
334 758 423 819 saepe
438 757 506 800 cum
520 738 666 816 fugissent
680 736 805 798 miluum

117 826 156 886 Et
170 824 320 886 celeritate
335 842 450 905 pennae
466 825 608 884 vitassent
623 840 736 892 necem,

118 911 281 972 Consilium
297 917 398 990 raptor
414 911 501 969 vertit
516 908 551 970 ad
567 907 714 969 lallaciam

118 996 156 1056 Et
169 1012 264 1073 genus
279 997 392 1055 inerme
407 993 460 1055 tali
475 993 593 1072 decepit
608 992 687 1054 dolo:

118 1079 215 1150 Quare
232 1080 390 1141 sollicitum
406 1080 505 1158 potius
520 1096 623 1139 aevum
639 1078 754 1148 ducitis,

118 1163 211 1236 Quam
226 1181 327 1242 regem
342 1182 388 1224 me
404 1164 513 1224 creatis
528 1164 587 1223 icto
602 1162 731 1230 loedere,

119 1248 175 1321 Qui
191 1268 242 1310 vos
257 1248 294 1310 ab
310 1250 392 1309 omni
407 1255 485 1308 tutas
500 1254 647 1327 praestem
663 1245 792 1309 iniuriat

118 1334 188 1395 lllae
203 1333 360 1394 credentes
375 1332 496 1393 tradunt
509 1350 575 1392 sese
591 1332 698 1402 miluo;
724 1327 725 1330 ’

119 1418 175 1489 Oui
190 1435 316 1496 regnum
330 1417 454 1496 adeptus
469 1418 569 1496 coepit
582 1417 661 1478 vesci
675 1416 808 1493 singulas

119 1502 157 1563 Et
171 1519 312 1563 exercere
328 1504 477 1580 inperium
492 1504 589 1562 saevis
603 1500 761 1578 unguibus.

120 1586 203 1648 'lunc
218 1586 255 1648 de
270 1585 392 1647 relicuis
407 1604 480 1648 una:
510 1585 615 1649 Merito
632 1586 800 1666 plectimur.

497 1821 699 1835 m

383 2028 529 2090 LIBER
557 2025 814 2088 SECVNDVS.

510 2177 690 2230 Avcuols.

121 2284 272 2364 Exemplis
287 2286 457 2345 continetur
473 2284 579 2363 Aesopi
595 2300 705 2360 genus3

123 2369 184 2430 Nec
199 2368 279 2430 aliud
293 2371 451 2448 quicquam
468 2384 523 2446 per
537 2366 660 2428 labellas
674 2368 835 2445 quaeritur,

122 2454 215 2525 Quam
230 2455 398 2531 corrigatur
413 2470 498 2512 error
513 2460 546 2512 ut
561 2451 728 2512 mortalium

123 2542 273 2617 Acuatque
289 2555 354 2598 sese
370 2537 497 2614 diligens
511 2536 669 2596 industria.

123 2622 307 2701 Quicumque
323 2623 414 2682 luerit
428 2639 499 2700 ergo
514 2620 656 2681 narrandi
671 2622 763 2689 iocus,

123 2709 198 2769 lium
213 2709 311 2785 capiat
325 2724 426 2767 aurem
442 2713 473 2766 et
485 2704 586 2767 servet
598 2707 783 2784 propositum
798 2721 893 2773 suum,

123 2793 166 2854 Re
181 2791 417 2859 commendatur,
434 2809 492 2851 non
507 2791 636 2851 auctoris
651 2790 780 2850 nomine.

124 2876 269 2956 Equidem
284 2879 365 2936 omni
381 2894 451 2936 eura
467 2893 578 2936 morem
594 2873 719 2934 servabo
734 2875 830 2945 senis;

125 2961 182 3022 Sed
198 2964 224 3023 si
240 2960 362 3022 libuerit
376 2959 487 3040 aliquid
503 2961 703 3038 interponere,

125 3047 277 3107 Dictorum
293 3065 398 3107 sensus
414 3052 446 3104 ut
460 3044 587 3104 delectet
603 3045 737 3113 varietas,

126 3131 221 3191 Bonas
237 3133 267 3190 in
283 3139 397 3210 partes,
414 3129 518 3198 lector,
538 3129 667 3207 accipias
682 3128 778 3199 velim,

126 3214 185 3284 lta,
201 3217 228 3275 si
242 3214 387 3293 rependet
401 3213 481 3274 illam
496 3212 625 3273 brevitas
639 3214 774 3289 gratiam.

128 3298 217 3359 Cuius
232 3297 355 3359 verbosa
371 3315 408 3359 ne
423 3299 463 3357 sit
477 3295 702 3367 commendatio,

129 3382 267 3443 Attende.
284 3400 338 3442 cur
353 3400 460 3458 negare
476 3381 592 3460 cupidis
607 3379 725 3452 debeas,

131 3466 270 3528 llodestis
285 3469 373 3526 etiam
388 3465 510 3534 ollerre,
525 3463 603 3544 quod
618 3481 677 3523 non
695 3468 850 3546 petierint.
