2438 3824
168 167 211 237 38
446 174 608 232 PHAEDRI
628 176 852 235 FABVLARVM

500 394 693 455 FABVLA
714 398 797 458 XIH.

406 501 464 553 DE
482 501 624 553 LEONI}
641 502 887 558 REGNAME.

208 614 317 676 Vtilius
330 614 444 675 bomini
460 613 535 675 nihii
551 624 596 674 est
608 632 698 693 quam
713 622 795 677 recte
811 617 909 697 loqui:

166 699 321 761 Probanda
337 701 453 761 cunctis
468 708 513 759 est
527 699 647 779 quidem
664 703 821 772 sententia,

167 783 226 845 Sed
242 785 277 847 ad
292 786 458 864 perniciem
474 785 548 845 solet
562 785 609 860 agi
625 785 792 847 sinceritas.

208 869 282 931 Cum
296 887 329 930 se
343 870 474 930 ferarum
489 885 589 946 regent
606 868 726 931 fecisset
741 870 787 931 feo

166 953 204 1015 Et
218 955 379 1033 aequitatis
393 954 482 1015 vellet
498 955 604 1014 farnarn
619 956 769 1035 consequi,

167 1041 190 1100 t
205 1040 330 1118 pristina
346 1038 467 1099 deflexit
481 1037 695 1100 consuetudine

167 1125 262 1203 Atque
277 1126 356 1184 inter
372 1123 438 1184 ilias
452 1125 534 1184 tenui
551 1129 709 1182 contentus
723 1124 791 1184 cibo

167 1207 274 1269 Sancta
289 1210 461 1287 incorrupta
475 1209 541 1268 iura
556 1205 700 1268 reddebat
714 1208 780 1268 tide.

166 1292 326 1372 Postquam
339 1292 441 1354 labare
457 1293 555 1372 coepit
570 1294 762 1373 poenitentia,
807 1314 809 1318 ·

575 1405 717 1448 *2*

500 1563 691 1625 FABVLA
713 1565 793 1625 XIV.

478 1678 814 1733 PROMMHEVS.

576 1789 718 1830 *ft*

208 1867 232 1928 b
246 1868 365 1928 fictione
380 1869 491 1928 veretri
507 1867 637 1944 linguam
653 1867 796 1928 mulieris.

166 1951 354 2013 adfinitatem
368 1955 460 2013 traxit
474 1951 544 2013 iude
560 1950 735 2013 obscenitas.

506 2136 697 2198 FABVLA
718 2138 784 2198 XV.

584 2243 704 2298 IDEM.

208 2357 333 2436 Rogavit
347 2356 435 2426 after,
450 2353 583 2416 tribadas
598 2364 627 2416 et
642 2356 747 2418 molles
762 2375 860 2420 mares

166 2441 247 2514 Quae
262 2444 338 2503 ratio
352 2440 557 2522 procreasset?
585 2439 730 2520 Exposuit
744 2461 849 2505 senex:

208 2527 288 2588 idem
304 2526 512 2595 Prometheus,
529 2533 631 2587 auctor
645 2527 725 2605 vulgi
739 2528 847 2597 fictilis.

167 2611 232 2691 (Oui
248 2610 336 2673 simul
352 2610 473 2672 offendit
487 2611 524 2671 ad
539 2612 701 2682 fortunam,
717 2609 877 2694 frangitur)

42 2709 45 2713 ’
165 2696 295 2758 Naturae
310 2703 425 2776 partes,
442 2704 521 2756 veste
536 2713 610 2776 quas
624 2696 699 2757 ceiat
713 2698 818 2777 pudor,

166 2781 239 2844 Cum
254 2783 414 2861 separatim
429 2788 491 2841 toto
506 2780 640 2842 finxisset
654 2781 713 2851 die,

165 2867 275 2946 Aptare
291 2884 358 2926 mox
373 2873 405 2925 ut
419 2870 520 2945 posset
534 2865 711 2945 corporibus
727 2868 798 2936 suis,

165 2951 209 3011 Ad
225 2968 327 3012 cenam
344 2957 389 3010 est
405 2951 545 3010 invitatus
561 2949 660 3011 subito
675 2970 691 3012 a
706 2949 826 3012 Libero.

166 3034 221 3096 Vbi
236 3037 384 3112 inrigatus
400 3034 491 3094 multo
506 3052 595 3094 venas
610 3043 730 3097 nectare

165 3119 239 3180 Sero
255 3120 373 3180 dornurn
389 3127 434 3180 est
449 3136 586 3179 reversus
601 3119 742 3181 titubanti
757 3120 842 3199 pede.

166 3204 242 3264 Turn
257 3206 436 3264 semisomno
451 3203 540 3264 corde
556 3210 586 3262 et
600 3222 701 3264 errore
717 3203 801 3265 ebrio

165 3288 315 3368 Adplicuit
331 3288 472 3365 virginale
487 3290 591 3366 generi
607 3289 736 3350 masculo

165 3372 204 3433 Et
218 3372 378 3434 masculina
393 3373 526 3434 menrbra
542 3373 684 3453 adplicuit
698 3375 826 3436 feminis.

165 3456 209 3518 fta
223 3475 302 3518 nunc
316 3456 409 3518 iibido
423 3476 514 3538 pravo
529 3459 640 3521 fruitur
654 3460 772 3540 gaudio.
