2438 3824
120 173 162 238 28
397 178 558 235 pulsnm
578 177 801 236 submutavit

17 371 24 385 .
121 327 286 391 Novissime
300 330 468 411 prolapsam
483 330 608 392 effundit
623 332 785 400 sarcinam;

120 413 228 476 Verum
243 415 339 484 illam,
355 434 430 496 qnae
444 434 492 477 me
507 417 602 478 nutrit
616 415 734 477 admoto
749 414 843 478 ubere

120 499 308 580 Fraudatque
324 510 407 562 natos
421 500 512 570 lacte,
528 519 565 562 ue
581 501 658 562 desit
673 500 756 565 mibi.

121 583 232 646 Tamen
248 585 298 647 illa
313 594 358 647 est
371 588 483 666 potior,
499 604 575 666 quae
590 593 621 647 te
636 587 763 666 peperit.
795 584 861 646 Non
876 586 917 646 ita
932 591 988 646 est.

122 669 203 731 Vnde
220 669 269 732 illa
285 672 386 741 scirit,
403 672 487 749 niger
503 689 539 731 an
555 670 641 732 albus
656 670 812 732 nascererl

121 755 181 832 Age
198 773 301 834 porro:
316 773 422 836 parere
437 757 462 816 si
477 754 621 817 uoluisset
636 756 785 824 laminam,

121 837 196 910 Quid
212 840 402 920 profecisset,
418 859 509 921 quum
524 858 644 902 crearer
659 839 824 902 masculnsl

121 924 302 986 Beneficium
317 943 455 1005 magnum
470 944 540 987 sane
556 926 645 987 natali
661 924 752 993 dedit,

120 1008 158 1069 Vt
171 1019 373 1090 exspectarem
389 1011 500 1072 lanium
515 1013 547 1071 in
562 1010 650 1071 boras
665 1009 810 1088 singulas!

121 1093 212 1156 Cuius
227 1102 356 1174 potestas
369 1096 448 1157 nulla
462 1098 493 1157 in
508 1095 657 1173 gignendo
672 1095 739 1163 luit,

121 1177 182 1240 Cur
197 1179 250 1240 bae
265 1182 306 1241 sit
319 1182 431 1261 potior,
447 1198 522 1260 quae
537 1181 663 1241 iacentis
677 1181 813 1240 miserita
828 1184 874 1240 est

121 1262 301 1344 Dulcemque
315 1272 419 1344 sponte
434 1272 566 1344 praestat
579 1264 836 1326 benevolentiam?

121 1346 206 1409 Facit
221 1358 358 1428 parentes
372 1348 503 1417 bonitas.
520 1367 578 1410 non
594 1351 766 1410 necessitas.

163 1433 217 1494 llis
231 1434 435 1496 demonstrare
451 1434 542 1495 voluit
556 1442 660 1495 auctor
674 1432 811 1495 versibus

121 1516 275 1581 Obsistere
289 1519 424 1580 homines
437 1517 571 1597 legibus,
586 1520 705 1579 meritis
718 1520 795 1598 capi.

456 1704 648 1765 NABVLA
669 1703 750 1764 XVI.

387 1821 545 1875 mcum
560 1820 615 1872 ET
631 1818 814 1871 uocuvb.

164 1941 347 2004 Humanitati
362 1944 414 2023 qui
430 1961 535 2004 senon
551 1941 761 2010 accommodat,

123 2025 299 2107 Plerumque
314 2046 426 2107 poenas
439 2029 554 2106 oppetit
568 2025 736 2106 superbiae.

163 2110 271 2173 Cicada
285 2112 426 2173 acerbum
441 2120 565 2173 noctuae
580 2112 742 2171 convitium

122 2194 278 2266 Faciebat,
294 2196 398 2257 solitae
412 2198 521 2264 rictum
538 2198 568 2256 in
584 2193 720 2256 tenebris
733 2207 878 2274 quaerere

123 2280 257 2360 Cavoque
271 2299 354 2342 ramo
369 2298 475 2362 capere
491 2298 625 2342 somnum
640 2279 781 2340 interdiu.

122 2365 233 2443 Rogata
248 2372 308 2435 est,
324 2374 358 2426 nt
370 2372 494 2427 taceret.
524 2365 614 2425 Nullo
629 2363 754 2426 validius

122 2450 255 2512 Clamare
270 2453 379 2530 coepit.
408 2450 523 2512 Rursus
538 2448 652 2510 admota
668 2466 771 2529 prece*

123 2537 251 2596 Accensa
266 2537 361 2613 magis
375 2543 430 2598 est.
461 2534 573 2596 Noctua
588 2541 621 2594 nt
635 2534 708 2594 vidit
723 2531 783 2593 sibi

123 2618 241 2680 Nullum
256 2637 320 2681 esse
335 2620 476 2682 auxilium
493 2627 523 2680 ot
537 2618 626 2679 verba
642 2619 791 2679 contemni
808 2634 870 2686 sna,

123 2704 184 2765 llac
198 2712 243 2764 est
257 2705 395 2783 adgressa
408 2704 558 2784 garrulam
575 2702 705 2764 fallacia:

123 2787 258 2850 Dormire
272 2792 342 2870 quia
357 2809 478 2852 menon
493 2791 595 2849 sinunt
609 2796 713 2849 cantus
728 2788 781 2856 tui,

123 2874 235 2935 Sonare
249 2875 393 2937 citharam
408 2893 482 2956 qnos
496 2881 583 2954 putes
597 2873 749 2953 Apollinis,

123 2959 229 3020 Potare
244 2967 290 3020 est
304 2962 422 3022 animus
435 2965 552 3026 nectar,
567 2957 646 3038 quod
661 2957 757 3018 Pallas
772 2954 846 3016 mibi

123 3043 225 3123 Nuper
240 3045 373 3116 donavit:
389 3047 415 3106 si
430 3063 489 3105 non
504 3042 634 3112 lastidis,
650 3044 734 3112 veni;

123 3128 186 3190 Vna
201 3127 348 3190 bibamus.
378 3129 447 3199 llla,
462 3145 538 3209 quae
554 3125 656 3188 arebat
670 3129 730 3196 siti,

125 3212 220 3274 Simul
234 3215 372 3292 cognovit
384 3232 484 3275 vocem
499 3211 613 3273 laudari
629 3229 723 3293 suam,

124 3297 237 3378 Cupide
252 3299 404 3360 advolavit
435 3297 547 3360 Noctua
562 3314 680 3375 egressa
696 3314 712 3356 e
727 3312 799 3356 earo

124 3380 334 3464 Trepidantem
350 3392 516 3445 consectata
531 3389 576 3442 est
591 3390 621 3442 et
633 3380 694 3442 leto
709 3380 799 3441 dedit.

119 3465 174 3528 Sic
188 3471 252 3530 vira
267 3468 346 3550 quod
358 3476 483 3548 negarat
496 3466 603 3529 tribuit
614 3474 738 3527 mortua.
787 3540 800 3567 l
