2438 3824
520 191 713 252 APPENDIX.

133 339 218 413 Quod
233 349 315 405 stans
328 343 360 404 in
375 360 460 405 amne
475 341 618 405 Tantalus
632 345 730 407 medio
745 349 818 418 sitit,

132 430 220 489 Avari
235 426 461 498 deseribuntur,
475 447 552 508 quos
565 430 745 491 circumfluit

132 511 208 573 Vsus
222 511 383 582 honorum,
399 512 452 573 sed
467 512 510 573 nil
524 521 649 592 possunt
662 520 795 593 tangere.

131 596 220 658 Vrnis
234 596 375 658 scelestae
388 596 537 658 llanaides
546 605 671 676 portant
685 618 785 680 aquas,

131 681 254 743 Pertusa
270 699 324 743 nee
339 681 479 761 conplere
495 691 617 761 possunt
632 682 726 755 dolia;
742 733 744 735 .

130 766 236 836 Immo,
251 765 386 828 luxuriae
401 766 543 847 quioquid
559 766 691 837 dederis,
707 769 844 850 perfluet.

129 851 241 913 Novem
255 857 410 931 porreetus
424 850 527 930 Tityos
540 858 587 913 est
600 870 663 932 per·
673 855 785 932 iugera,

130 936 219 997 Tristi
236 942 372 997 renatum
387 952 551 1014 suggerens
565 954 679 1016 poenae
690 939 790 1010 ieeur;

129 1020 192 1091 Quo
207 1022 274 1100 quis
289 1021 433 1082 maiorem
448 1021 581 1100 possidet
594 1029 694 1083 terroe
708 1023 816 1096 locum,

129 1104 191 1165 llos
206 1105 426 1166 demonstratur
441 1123 512 1165 eura
526 1108 661 1183 graviore
676 1107 773 1170 adlici.

129 1189 270 1251 Consulto
284 1189 405 1250 involvit
418 1191 573 1251 veritatem
589 1193 759 1271 antiquitas,

128 1273 165 1335 Vt
178 1275 296 1354 sapiens
311 1274 515 1352 intellegeret,
531 1285 648 1337 erraret
661 1277 755 1338 rudis.

474 1428 664 1490 FABVLA
685 1430 738 1491 VI.

515 1527 696 1581 Avcuolt.

169 1613 276 1674 Vtilius
291 1611 378 1674 nohis
392 1612 464 1692 quid
479 1615 520 1673 sit
533 1612 598 1683 dio,
614 1613 747 1686 Phoebe,
764 1615 898 1690 obsecro,

126 1698 182 1770 Qui
198 1697 327 1776 Delphos
341 1703 373 1757 et
386 1697 547 1758 formosum
564 1698 724 1760 Parnasum
740 1703 855 1764 ineolis.

126 1782 201 1855 Quid
218 1783 281 1843 esti
301 1788 432 1843 saeratae
447 1783 523 1843 vatis
536 1783 715 1845 horrescunt
728 1803 840 1858 comae,

126 1867 269 1947 Tripodes
283 1874 453 1936 moventur,
469 1869 564 1944 mugit
578 1867 674 1947 adytis
688 1868 820 1946 Religio,

124 1952 326 2031 Tremuntque
342 1951 420 2012 lauri
435 1953 545 2030 etipse
560 1951 698 2031 pallescit
712 1953 786 2015 ures.

124 2037 217 2099 Voees
231 2035 354 2098 resolvit
368 2037 426 2096 ieta
442 2035 535 2115 Pytho
550 2039 688 2098 numine:

124 2122 230 2185 Audite
245 2128 350 2199 gentes
364 2118 440 2180 Delii
456 2123 586 2182 monitus
600 2121 665 2182 dei:

124 2207 267 2268 Pietatem
282 2205 369 2266 colite
377 2226 386 2276 ;
401 2211 468 2266 vota
482 2207 600 2285 superis
613 2207 745 2279 reddite:

124 2291 271 2360 Patriam,
288 2297 441 2369 parentes,
457 2297 556 2359 natos,
573 2297 670 2353 castas
683 2294 825 2373 coniuges

124 2374 280 2436 Defendite
296 2376 401 2442 armis,
417 2375 534 2436 hostem
549 2375 631 2436 lerro
645 2376 764 2457 pellite;

124 2461 241 2522 Amicos
255 2457 422 2530 sublevele;
439 2461 557 2520 miseris
571 2463 701 2539 parcite;

123 2544 215 2606 Bonis
229 2544 340 2612 favete,
357 2542 489 2604 subdolis
504 2546 545 2605 ite
560 2544 693 2615 obriam;

122 2628 235 2690 Delicta
251 2627 415 2699 vindicate;
431 2627 698 2709 cohibeteinpios;

121 2713 228 2776 Punite
243 2714 324 2792 turpi
338 2712 483 2773 thalamos
497 2716 548 2792 qui
563 2714 675 2775 violant
689 2723 806 2797 stupro:

121 2799 212 2860 Malos
226 2805 343 2869 cavete:
359 2797 433 2858 nulli
447 2799 573 2859 nimium
588 2800 711 2862 credite.

120 2883 200 2945 llaec
215 2882 330 2944 elocuta
345 2882 477 2944 concidit
491 2885 575 2961 virgo
590 2884 709 2947 lurens:

120 2968 236 3029 Furens
249 2968 399 3048 prolecto,
415 2985 483 3029 uam
498 2987 574 3047 quae
589 2969 664 3031 dixit
678 2972 819 3050 perdidit

455 3122 646 3185 PABVLA
667 3124 735 3186 VII.

347 3220 538 3272 Ausons
555 3223 610 3274 ET
627 3222 845 3279 semmoth

161 3307 275 3385 Aesopo
289 3305 409 3385 quidam
423 3309 533 3386 scripta
548 3311 689 3371 recitarat
704 3311 790 3381 mala,

116 3390 151 3452 ln
165 3391 233 3470 quis
247 3391 348 3469 inepte
363 3391 486 3452 multum
502 3410 535 3452 se
550 3393 721 3456 iactaverat.

117 3474 201 3536 Scire
217 3491 288 3553 ergo
303 3476 428 3553 cupiens
442 3475 583 3555 quidnam
597 3480 723 3540 sentiret
737 3499 843 3552 senex,
