2438 3824
122 169 165 238 56
401 177 564 234 Punicum
577 177 806 236 raemuuvu

124 328 280 409 Feroxque
295 329 448 406 ingenium
464 330 627 409 oonprImis
641 328 807 400 clementia,

123 413 212 483 Vide,
228 432 265 475 ne
280 414 402 493 querela
418 415 512 474 maior
528 422 682 474 accrescat
693 414 808 476 domus.

166 499 320 560 Atrocitati
336 498 529 559 mansuetudo
544 505 590 558 est
603 499 781 559 remedium.

467 648 660 712 FABVLA
680 651 732 713 XI.

248 749 438 802 Amsorvn
463 750 525 812 ET¹
541 750 701 803 VIO'I'OR
727 750 958 807 (ammove.

269 830 413 898 Quomodo
425 831 617 900 conprimatur
626 830 780 900 aliquando
792 832 935 887 iactantia.

163 921 314 982 Victorem
329 922 405 982 torte
419 922 550 1001 gymnici
565 923 740 982 certaminis

123 1006 331 1067 Iactantiorem
345 1024 412 1066 oum
428 1007 550 1067 vidisset
565 1005 662 1085 Phryx
677 1006 796 1085 sophus,

122 1090 332 1168 Interrogavit,
349 1108 387 1151 an
402 1091 467 1170 plus
483 1090 670 1151 adversarius

123 1175 270 1238 Valuisset
284 1175 366 1235 eiust
395 1174 463 1236 llle:
486 1175 529 1236 Ne
545 1173 623 1236 istud
639 1175 767 1247 dixerim

123 1260 214 1321 Multo
229 1261 313 1321 luere
329 1261 408 1320 vires
422 1262 551 1321 maiores
564 1277 657 1320 meae.

124 1342 222 1416 Quod,
238 1345 349 1424 iuquit,
366 1360 452 1421 crgo,
469 1344 572 1411 stulte,
593 1345 729 1406 meruisti
745 1346 845 1416 decus,

123 1428 221 1490 Minus
234 1428 380 1489 valentem
396 1430 421 1488 si
436 1430 535 1489 vicisti
550 1429 679 1489 tortior?

123 1512 278 1576 Ferendus
292 1531 388 1583 esses,
404 1513 480 1574 iorte
496 1515 521 1573 si
536 1521 565 1574 ta
581 1513 696 1574 diceres

124 1597 301 1678 Superasse,
318 1597 424 1658 melior
438 1599 491 1678 qui
505 1599 612 1658 luisset
626 1597 750 1659 viribus.

454 1751 654 1833 ¹musena
676 1752 743 1812 mr.

369 1849 545 1902 Aslrevn
570 1850 632 1902 AD
658 1849 837 1904 LYRAE

165 1937 275 1997 Asinus
288 1937 434 1997 iacentem
451 1936 523 1997 vidit
536 1938 568 1996 in
583 1944 667 2016 prato
682 1936 785 2016 lyram.

123 2021 256 2081 Accessit
269 2029 298 2082 et
314 2022 467 2100 temptavit
482 2020 608 2081 chordas
622 2020 748 2098 ungula;

124 2105 257 2166 Sonuere
273 2113 378 2166 tactae.
408 2105 490 2165 Bella
506 2122 569 2175 res,
586 2105 637 2166 scd
653 2105 838 2167 mehercules
853 2147 855 2151 ψ

123 2189 198 2252 Male
213 2192 319 2257 cessit,
337 2192 448 2268 iuquit,
465 2192 537 2250 artis
552 2192 619 2268 quia
633 2208 697 2250 sum
713 2193 840 2251 nescius.

124 2274 156 2335 Si
171 2276 354 2354 repperisset
368 2275 475 2353 aliquis
490 2274 566 2334 hanc
581 2275 762 2354 prudentior,

123 2357 237 2420 Divinis
252 2376 340 2419 aures
355 2357 530 2419 oblectasset
544 2358 690 2419 cantibus.
815 2428 818 2434 ³

166 2443 216 2505 Sic
231 2460 319 2522 saepe
333 2444 452 2520 ingenia
468 2443 634 2504 calamitate
649 2445 841 2506 intercidunt.

456 2596 646 2658 FABVLA
672 2599 754 2658 XIII.

331 2695 500 2746 mmm
516 2696 655 2747 VIDVA
670 2696 726 2748 ET
743 2696 884 2750 muns,

261 2776 373 2843 Quanta
389 2775 427 2829 sit
441 2775 628 2831 inconstantia
644 2777 675 2832 et
691 2776 779 2832 libido
795 2778 952 2834 mulierum

165 2866 223 2929 Per
237 2866 350 2946 aliquot
363 2884 456 2926 annos
470 2865 613 2945 quaedam
628 2866 770 2928 dilectum
785 2869 881 2928 virum

123 2953 229 3014 Amisit
244 2958 274 3013 et
288 2950 469 3029 sarcophago
485 2968 593 3030 corpus
608 2951 756 3023 condidit;

122 3036 221 3116 Aque
235 3035 339 3097 revelli
355 3034 434 3095 nullo
450 3052 516 3094 cum
532 3042 632 3114 posset
646 3035 734 3095 modo

122 3120 161 3182 Et
174 3123 205 3181 in
221 3119 357 3200 sepulcro
371 3120 461 3180 vitam
476 3119 580 3197 lugens
594 3119 726 3197 degeret,

122 3205 238 3267 Claram
252 3211 385 3267 assecuta
401 3210 446 3264 est
459 3205 572 3266 lamam
581 3212 679 3265 castae
695 3205 840 3267 mulieris.
1064 3218 1081 3270 5

122 3288 239 3352 Interea
254 3290 354 3351 lanum
369 3290 420 3368 qui
436 3289 621 3368 compilarant
637 3288 719 3358 lovis,

123 3375 211 3437 Cruci
227 3375 325 3436 suffiri
341 3374 461 3435 luerunt
476 3391 585 3452 poenas
601 3375 725 3434 numini.

115 3458 234 3519 Horum
246 3459 392 3540 reliquias
406 3461 513 3540 nequis
526 3466 627 3541 posset
640 3458 755 3529 tollere,
