2438 3824
32 147 36 151 ’
135 170 178 235 46
414 173 574 230 emmiu
593 171 816 229 naevumvu

494 340 682 402 uAanA
702 341 744 401 H.

389 437 602 492 VIA'PORES
619 440 674 491 ET
690 438 842 492 LA'I'RO.

180 526 244 588 [luo
259 543 326 587 cum
340 527 518 586 incidissent
532 528 564 585 in
577 525 722 586 latronem
737 524 857 596 milites,

139 611 219 673 Vnus
236 612 380 690 profugit,
397 610 472 672 alter
487 618 585 671 autern
600 612 712 672 restitit

140 696 178 757 Et
191 695 349 756 vindicavit
363 712 428 756 sese
443 695 513 756 lorti
528 695 658 756 dextera.

139 781 267 841 Latrone
281 782 380 840 occiso
394 780 661 840 timidusaccurrit
675 797 775 842 comes

140 865 324 944 Stringitque
338 864 484 942 gladium,
500 863 569 924 dein
585 865 694 924 reiecta
710 862 849 942 paenula:

140 949 234 1018 Cedo,
250 951 360 1028 iuquit,
377 949 475 1018 illum;
491 951 550 1009 iam
568 946 679 1009 curabo
693 951 811 1017 sentiat,

139 1032 219 1104 Quos
233 1034 424 1114 attemptarit.
454 1033 551 1103 Tune,
567 1034 618 1113 qui
633 1033 868 1112 depugnaverat:

139 1117 251 1179 Vellem
265 1120 329 1180 istis
344 1116 443 1179 verbis
457 1118 561 1179 saitem
576 1117 738 1178 adiuvisses
754 1117 856 1187 modo;

140 1203 327 1265 Constantior
341 1204 464 1263 fuissem
478 1220 547 1263 vera
563 1203 744 1266 existimans.

141 1286 225 1349 Nunc
239 1289 332 1348 conde
347 1288 461 1348 terrum
475 1294 504 1347 et
518 1286 650 1364 linguam
663 1289 778 1366 pariter
792 1285 917 1357 iutiiem,
1064 1288 1099 1341 10

140 1371 176 1433 Vt
190 1374 287 1451 possis
302 1371 375 1433 alios
389 1373 560 1450 ignorantes
574 1371 688 1432 fallere.

141 1455 217 1534 Ego,
233 1458 285 1537 qui
299 1475 365 1516 sum
380 1465 533 1535 expertus,
549 1457 667 1534 quantis
682 1456 779 1533 fugias
792 1454 916 1525 viribus,

142 1541 225 1611 Scio,
240 1559 327 1620 quarn
342 1541 445 1601 virtuti
459 1558 518 1600 non
534 1542 572 1600 sit
586 1539 767 1601 credendum
782 1546 860 1599 tuae.

182 1625 229 1686 liii
244 1626 392 1703 adsignari
408 1623 496 1686 debet
511 1625 584 1684 haec
598 1627 738 1694 narratio,
795 1698 796 1701 Ἴ

140 1707 198 1781 Qui
211 1726 246 1772 re
260 1708 389 1772 secunda
403 1709 490 1770 sortis
505 1715 565 1777 est,
581 1708 672 1770 dubia
686 1712 783 1787 fugax.

484 1845 674 1906 FABVLA
699 1845 755 1905 ΠΙ.

388 1942 573 1995 oAvae
597 1943 659 1995 Μ
684 1944 853 1998 MVSGA.

184 2030 264 2092 Calvi
278 2028 437 2090 momordit
452 2047 551 2091 musca
566 2029 707 2090 nudatum
723 2037 826 2109 eaput;

142 2115 236 2187 Quam
251 2116 419 2193 opprimere
435 2119 556 2192 captans
571 2113 683 2192 alapam
698 2113 756 2174 sibi
772 2113 855 2174 duxit
870 2130 998 2190 gravem.

143 2198 228 2259 'l'unc
242 2197 291 2258 illa
306 2197 456 2258 inridens:
486 2197 630 2258 Punctum
646 2198 772 2259 volucris
786 2197 924 2278 parvulae

142 2282 269 2343 Voluisti
284 2289 379 2343 morte
395 2281 515 2353 ulcisci;
530 2281 602 2361 quid
618 2282 709 2343 iacies
723 2281 788 2353 tibi,

143 2366 273 2428 Iniuriae
287 2368 339 2446 qui
354 2365 504 2428 addideris
519 2367 744 2428 contumeliam?

142 2451 320 2531 Respondit:
349 2451 464 2511 Mecum
479 2450 567 2511 iacile
582 2450 672 2512 redeo
687 2453 718 2512 in
733 2453 866 2529 gratiam,

143 2534 217 2606 Quia
233 2554 292 2597 non
307 2536 400 2596 luisse
415 2543 544 2596 mentem
558 2535 696 2597 laedendi
711 2537 783 2597 scio.

144 2619 202 2680 Sed
217 2626 263 2690 te,
278 2621 441 2699 contempti
456 2621 576 2697 generis
591 2621 700 2681 animai
716 2620 884 2700 inprobum,

143 2702 224 2774 Quae
239 2703 397 2764 delectaris
412 2703 516 2764 bibere
532 2704 693 2766 humanum
708 2707 892 2783 sanguinem,

143 2787 250 2868 Optem
263 2805 370 2848 necare
386 2787 432 2848 vel
446 2790 558 2848 maiore
573 2790 768 2850 incommodo.
1068 2791 1103 2846 10

185 2872 247 2932 Hoc
261 2878 468 2948 argumentum
482 2875 567 2933 venia
583 2873 687 2935 donari
704 2875 798 2944 docet

143 2955 200 3026 Qui
214 2974 283 3017 casu
298 2963 410 3034 peccat.
441 2955 515 3017 Nam
529 2959 582 3036 qui
596 2958 721 3018 consilio
736 2965 781 3018 est
796 2976 916 3028 nocens,

143 3039 227 3102 ilium
243 3057 309 3101 csse
324 3041 428 3119 quavis
442 3039 564 3118 dignum
578 3060 673 3121 poena
688 3041 798 3103 iudico.

486 3175 679 3236 FABVLA
703 3177 757 3236 IV.

373 3273 527 3324 Asinus
544 3274 599 3324 ΕΤ
616 3274 873 3328 PORCELLVS.

186 3359 311 3430 Quidam
326 3358 498 3420 inmolasset
511 3376 629 3419 verrem
644 3379 711 3422 eum
726 3368 829 3422 saneto
842 3359 976 3438 Herculi,

145 3444 200 3507 Cui
209 3462 269 3524 pro
284 3441 376 3504 salute
387 3449 486 3503 votum
501 3442 630 3506 debebat
644 3463 707 3518 sua,
