2438 3824
148 164 191 230 30
424 168 586 225 PHAEDRI
606 168 830 225 duumvir

150 319 251 398 Ignem
266 338 338 398 ergo
352 338 514 400 quaerens,
531 319 643 401 aliquot
656 319 791 382 lustravit
806 320 919 392 domus,

150 405 340 487 Tandemque
356 406 484 475 invenit,
501 402 552 465 ubi
569 405 718 466 lucernam
735 406 919 467 accenderet.

150 490 225 550 Tum
241 492 354 550 circum
371 491 453 550 eunti
469 491 566 550 luerat
581 490 658 570 quod
674 492 733 551 iter
747 491 872 569 longius,

149 575 255 635 Ellecit
269 573 405 634 brevius:
428 592 554 653 namque
570 582 652 635 recta
667 593 722 654 per
737 576 833 636 iorum

150 659 254 738 Coepit
268 658 379 719 redire.
409 657 447 719 Et
460 660 580 739 quidam
596 677 612 719 c
626 658 712 720 turba
728 659 891 737 garrulosa

150 746 279 823 Aesopo,
296 743 394 804 medio
409 741 469 803 sole
485 743 555 824 quid
572 761 639 804 cum
654 744 784 805 ruminet

149 829 321 898 Hominem,
336 829 448 907 inquit,
464 846 590 908 quaero,
608 834 638 889 et
652 827 726 889 abiit
741 829 884 889 lestinans
899 829 1029 890 domum.

191 913 253 974 Hoc
267 915 294 974 si
309 912 449 975 molestus
464 912 513 973 ille
529 913 564 973 ad
580 914 711 974 animum
726 913 850 982 rettulit,
1076 920 1108 972 10

149 997 249 1059 Sensit
263 998 397 1077 proiecto
412 1015 444 1058 se
459 996 609 1058 hominem
625 1016 683 1058 non
699 999 793 1058 visum
809 1001 883 1068 seni,

149 1083 358 1162 Intempestive
373 1084 425 1163 qui
444 1090 587 1162 occupato
602 1083 755 1144 adluserit.

534 1217 721 1286 rodum

191 1338 357 1417 Supersunt
370 1336 445 1396 mini
461 1353 536 1417 quae
551 1335 696 1405 scribam,
712 1336 764 1398 sed
779 1354 868 1416 parco
882 1338 996 1408 sciens;

149 1423 281 1485 Primum
297 1439 361 1482 esse
376 1421 479 1482 videar
493 1439 531 1481 ne
546 1419 603 1482 tihi
617 1420 778 1490 molestior,

149 1508 307 1584 Distringit
320 1525 409 1586 quem
424 1504 582 1566 muitarum
598 1523 699 1567 rerum
715 1509 858 1577 varietas;

149 1593 225 1654 Dein
240 1592 335 1671 siquis
349 1591 451 1651 eadem
467 1591 544 1651 torte
561 1593 663 1651 conari
678 1590 759 1660 velit,

150 1676 265 1738 Habere
283 1685 315 1737 ut
329 1677 422 1756 possit
435 1674 546 1756 aliquid
562 1678 662 1754 operis
676 1675 804 1736 residui:

149 1760 288 1832 Quamvis
303 1763 445 1822 materiae
460 1768 541 1821 tanta
556 1760 688 1821 abundet
702 1763 796 1839 copia,

149 1846 258 1907 Labori
273 1844 358 1906 faber
369 1852 406 1906 ut
420 1845 513 1915 desit,
530 1864 589 1906 non
604 1844 690 1907 labro
704 1844 796 1906 labor.

149 1931 293 1992 Brevitati
308 1938 426 1991 nostrae
441 1932 607 2009 praemium
622 1939 655 1991 ut
669 1929 790 2000 reddas,
807 1936 886 2009 peto,

149 2015 233 2088 Quod
248 2034 280 2076 es
294 2014 457 2095 pollicitus:
480 2014 587 2076 exhibe
603 2016 683 2075 vocis
697 2014 795 2076 iidem.

149 2101 223 2162 Nam
239 2102 297 2162 vita
314 2101 400 2160 morti
416 2101 537 2180 propior
551 2107 597 2160 est
612 2099 729 2169 cotidie,

149 2186 187 2248 Et
201 2186 257 2246 hoc
272 2186 370 2245 minus
384 2188 538 2263 perveniet
552 2186 587 2245 ad
604 2203 650 2244 me
667 2186 807 2254 muneris,

149 2271 213 2342 Quo
228 2269 293 2350 plus
308 2278 462 2330 consumet
477 2271 620 2348 temporis
635 2268 746 2329 dilatio.

150 2356 181 2416 Si
198 2358 256 2415 cito
271 2372 333 2414 rem
350 2371 489 2433 perages,
505 2372 577 2414 usus
591 2353 642 2413 fiet
655 2353 786 2430 longior:
839 2403 848 2421 ,

150 2441 245 2502 Fruar
260 2439 388 2508 diutius,
405 2440 430 2498 si
445 2438 574 2498 celerius
589 2456 705 2517 cepero.

149 2525 329 2601 Languentis
345 2525 408 2583 aevi
424 2523 492 2583 dum
508 2531 576 2583 sunt
591 2523 705 2603 aliquae
721 2522 873 2601 reliquiae,

150 2609 265 2672 Auxilio
280 2609 362 2668 locus
376 2616 436 2668 est:
460 2607 528 2668 olim
545 2609 628 2668 senio
643 2606 772 2668 debilem

150 2695 271 2755 Frustra
286 2693 423 2752 adiuvare
439 2691 556 2753 bouitas
570 2694 682 2753 nitetur
696 2701 754 2763 tua,

150 2780 221 2841 Cum
238 2779 295 2837 iam
312 2777 435 2837 desierit
449 2794 514 2836 esse
531 2775 658 2836 henlicio
672 2777 755 2837 utilis

150 2864 187 2923 Et
202 2881 282 2922 mors
295 2862 392 2921 vicina
407 2859 552 2938 flagitabit
569 2860 712 2921 debitum.

150 2946 277 3008 Stultum
293 2945 448 3005 admovere
462 2944 518 3004 tibi
534 2963 639 3024 preces
654 2947 799 3016 existimo,

150 3030 293 3092 Proclivis
307 3029 385 3090 ultro
400 3047 465 3089 cum
482 3031 520 3088 sit
538 3030 752 3090 misericordia.

150 3116 244 3195 Saepe
259 3115 420 3193 inpetravit
434 3115 548 3174 veniam
563 3115 716 3175 consessus
730 3132 814 3175 reus:

150 3199 264 3271 Quanto
278 3198 428 3275 innocenti
443 3199 551 3258 iustius
565 3197 653 3259 dehet
670 3198 753 3259 dari?

150 3285 230 3345 Tuae
246 3289 315 3344 sunt
329 3289 442 3362 partes:
459 3283 580 3343 luerunt
594 3283 717 3344 aliorum
734 3285 826 3362 prius,

149 3369 224 3430 Dein
240 3367 329 3429 simili
345 3385 417 3448 gyro
432 3370 550 3427 venient
564 3367 689 3429 aliorum
705 3370 792 3428 vices.

148 3451 281 3517 Decerne
296 3451 375 3533 quod
389 3451 510 3531 religio,
526 3453 603 3532 quod
618 3456 730 3534 patitur
744 3451 826 3520 tides,
