2438 3824
123 178 165 243 36
402 187 563 241 ΡΗΑΕΒΒΙ
583 187 807 243 FABVLARVM

166 333 228 394 lloc
243 334 304 395 illis
319 336 429 397 dictum
446 344 505 406 est,
521 338 572 417 qui
588 337 712 397 stultitia
727 343 869 398 nauseant
1049 346 1085 398 25

122 416 175 488 Et,
192 427 223 480 ut
238 428 379 499 putentur
395 439 515 500 sapere,
531 421 645 483 caelum
660 425 838 502 vituperant.

456 609 649 669 FABVLA
669 609 754 670 VIII.

232 721 422 797 suemus
439 724 498 775 AD
516 724 694 775 FABRVM
710 724 976 778 FERRARIVM.

165 841 380 902 Mordaciorem
396 845 446 922 qui
462 842 588 923 inprobo
604 844 691 904 dente
708 844 829 924 adpetit,

123 924 185 987 Hoc
202 935 420 1004 argumentose
436 928 566 989 describi
582 931 699 989 sentiat.
913 925 915 930 ’

165 1011 198 1071 ln
214 1013 361 1073 cilicinam
376 1011 453 1073 labri
469 1015 549 1073 venit
566 1015 678 1092 vipera.

122 1094 203 1157 llaec
218 1114 284 1156 cum
300 1103 472 1176 temptaret,
490 1100 573 1177 siqua
590 1116 638 1158 res
654 1107 732 1159 esset
747 1099 823 1170 cilvo,

122 1179 237 1241 Limam
253 1182 420 1242 momordit.
450 1182 501 1242 llla
517 1190 618 1243 contra
634 1192 805 1244 contumax:

122 1261 199 1334 Quid
215 1284 278 1334 me,
295 1268 406 1344 inquit,
422 1267 524 1336 stulta,
542 1267 630 1328 dente
646 1277 747 1345 captas
761 1268 888 1338 laedere,
919 1287 924 1297 ·

122 1348 216 1412 Omne
232 1350 352 1412 adsuevi
367 1353 480 1412 ferrum
496 1371 571 1430 quae
587 1352 768 1413 conroderet

473 1538 664 1598 FABVLA
684 1540 737 1599 IX.

368 1652 556 1705 vvuPus
581 1653 639 1705 ΕΤ
666 1654 833 1708 GAPER.

62 1823 64 1827 ,
165 1774 259 1835 Homo
274 1776 305 1834 in
320 1774 464 1854 periclum
480 1775 566 1835 simul
583 1791 616 1835 ac
632 1775 710 1834 venit
725 1774 856 1844 callidus

123 1856 266 1940 Reperire
282 1859 422 1935 ellugium
439 1862 555 1939 quaerit
571 1859 692 1919 alterius
708 1858 792 1919 malo.

166 1945 237 2006 Cum
253 1943 413 2004 decidisset
427 1942 529 2022 vulpes
545 1947 575 2005 in
591 1951 713 2022 puteum
728 1945 821 2003 inscia

122 2028 160 2089 Et
175 2030 280 2089 altiore
297 2028 485 2089 clauderetur
500 2031 642 2106 margine,

123 2113 248 2174 Devenit
262 2112 364 2172 hircus
378 2113 482 2174 sitiens
497 2115 525 2173 in
541 2112 665 2173 eundem
681 2113 792 2182 locum;

124 2195 217 2259 Simul
232 2199 361 2274 rogavit,
378 2205 455 2258 esset
471 2217 507 2257 an
524 2197 618 2257 dulcis
633 2196 730 2277 liquor

123 2283 160 2343 Et
175 2281 331 2361 copiosus?
360 2281 411 2342 Illa
428 2282 561 2342 fraudem
578 2281 717 2341 moliens:

122 2366 290 2435 Descende,
308 2369 418 2437 amice;
434 2373 514 2427 tanta
530 2366 645 2426 bonitas
661 2373 706 2424 est
721 2383 823 2444 aquae,

124 2451 264 2530 Voluptas
279 2459 311 2511 ut
325 2453 427 2512 satiari
444 2469 501 2511 non
517 2452 610 2530 possit
625 2468 699 2511 mea.

123 2534 241 2597 lnmisit
254 2555 286 2595 se
304 2535 455 2597 bachatus
486 2536 561 2596 Tum
577 2535 728 2614 vulpecula

123 2621 224 2681 Evasit
239 2628 341 2700 puteo,
359 2624 426 2681 nina
442 2621 530 2681 celsis
545 2619 695 2689 cornibus,

124 2705 306 2785 Hircumque
322 2706 423 2767 clauso
439 2705 526 2786 liquit
540 2705 711 2766 haerentem
727 2705 809 2766 vado.

478 2894 671 2953 FABVLA
691 2895 727 2952 X.

345 3009 405 3059 Du
431 3008 586 3060 V1u311s
611 3007 857 3060 HOMINVM.

164 3128 255 3188 Peras
271 3131 403 3207 inposuit
419 3127 551 3207 luppiter
566 3127 653 3189 nobis
669 3128 755 3189 duas:

125 3212 257 3293 Propriis
273 3212 415 3293 repletam
431 3215 513 3272 vitiis
528 3221 595 3293 post
609 3220 724 3290 tergum
741 3212 831 3282 dedit,

124 3298 234 3366 Alienis
249 3307 316 3359 aute
333 3307 434 3377 pectus
450 3298 604 3378 suspendit
619 3315 746 3375 gravem.

165 3382 226 3444 llac
242 3383 390 3443 revidere
407 3390 507 3443 nostra
523 3382 599 3444 mala
615 3402 672 3443 non
688 3401 859 3463 possumus;

116 3468 180 3527 Alii
193 3467 283 3529 simul
300 3467 490 3548 delinquunt,
506 3485 645 3530 censores
660 3487 772 3530 sumus.

268 3778 341 3787 ...n—
