2438 3824
122 1064 206 1120 Mart.
225 1068 320 1132 Epigr.
338 1065 395 1125 III,
414 1068 458 1125 20,
479 1065 507 1115 5:

189 1137 232 1186 Au
249 1133 405 1185 aemulatur
421 1133 529 1198 inprobi
547 1133 623 1183 iocos
641 1128 780 1182 Phaedri?

28 1280 30 1284 '
122 1269 245 1321 Asianus
263 1267 383 1334 epistula
404 1267 438 1317 ad
456 1266 651 1318 Theodosium:

190 1339 291 1388 Verum
309 1336 358 1384 has
377 1351 425 1400 pro
444 1335 567 1400 exemplo
585 1334 696 1386 fabulas
714 1339 742 1386 et
754 1334 885 1386 Socrates
902 1334 1003 1385 divinis
1016 1349 1081 1399 ope-

189 1406 265 1456 ribus
288 1402 388 1453 indidit
415 1407 443 1452 et
465 1403 600 1468 poematis
628 1404 687 1453 suis
711 1403 831 1453 Flaccus
858 1406 980 1468 aptavit,
1010 1401 1082 1466 quod

190 1474 219 1522 in
241 1488 271 1522 se
294 1471 344 1520 sub
362 1471 486 1520 iocorum
509 1473 689 1521 communium
709 1472 803 1536 specie
824 1472 901 1520 vitae
920 1474 1082 1535 arguments

192 1541 361 1590 contineant.
385 1552 454 1602 quas
467 1537 581 1588 Graecis
600 1539 700 1588 iambis
711 1539 830 1588 Babrius
848 1545 976 1603 repetens
988 1538 1017 1586 in
1030 1537 1082 1585 duo

189 1606 330 1659 volumina
359 1606 504 1655 coartavit.
546 1605 687 1657 Phaedrus
717 1606 801 1657 etiam
827 1612 934 1670 partem
962 1605 1082 1669 aliquam

190 1675 309 1739 euinque
328 1674 356 1722 in
374 1673 485 1724 libellos
503 1673 625 1724 resolvit.

122 1809 361 1941 IdemLcllcliuriarero
378 1876 502 1938 arbores,
523 1877 598 1926 ieras
618 1891 678 1926 cum
694 1875 850 1926 hominibus
868 1889 978 1941 gemere
996 1879 1049 1927 etc.

189 1944 322 2010 Respexit
341 1944 406 1993 adl
431 1943 498 2008 prol.
518 1945 542 1997 6.

123 2080 289 2132 Prudentius
308 2077 387 2128 Geth.
409 2078 472 2138 Vll,
491 2080 553 2128 115:

191 2147 255 2198 Alvi
273 2146 385 2210 capacis
404 2150 482 2197 vivus
501 2146 624 2195 hauritur
643 2160 738 2210 specu.

190 2215 325 2279 Respexit
341 2214 376 2264 ad
394 2214 441 2276 IV,
460 2215 489 2276 6,
509 2215 549 2264 10.

125 2349 235 2401 Titulus
248 2350 294 2414 qui
306 2348 409 2408 legitur
421 2346 493 2412 apud
507 2348 652 2398 Gruterum
671 2362 715 2412 pg.
727 2347 785 2408 898,
802 2349 847 2410 16,
865 2362 947 2397 versu
966 2347 1083 2412 quodam

192 2415 312 2467 Phaedri
325 2412 394 2484 [Π1,
410 2417 450 2477 17,
466 2410 509 2480 12]
525 2414 636 2464 celeber
653 2415 712 2476 illc,
731 2413 812 2463 valde
831 2421 975 2480 suspectus
995 2412 1081 2483 [conf.

192 2483 326 2534 Ritschel.
344 2482 456 2533 Anthou·
472 2482 536 2532 Lat.
555 2482 656 2535 Coroll.
676 2498 721 2547 pg.
741 2476 797 2548 13].
