2438 3824
531 177 639 232 LIBER
658 177 680 233 1.

474 368 666 431 FABVLA
685 369 739 432 lx.

222 475 384 532 PABBER
400 477 458 528 AD
475 475 682 529 Laeonum
699 476 991 534 conemmuott.

170 579 234 642 Sibi
250 599 308 642 uon
324 598 428 642 cavere
443 587 474 642 et
489 581 557 642 aliis
570 580 725 642 consilium
741 581 812 643 dare

128 665 255 728 Stultum
271 684 336 727 esse
351 667 455 746 paucis
469 665 659 727 ostendamus
673 664 818 729 versibus.

169 750 350 831 Oppressum
367 750 404 812 ab
419 751 515 831 aquila
532 759 562 812 et
577 749 664 812 lletus
678 751 814 812 edentem
830 768 936 830 graves

126 835 271 916 Leporem
287 834 464 914 obiurgabat
479 852 595 914 passer:
627 834 683 897 Ubi
698 837 862 915 pernicitas

126 920 216 991 Nota.
232 922 344 1001 inquit,
360 919 410 982 illa
426 921 489 981 esti
518 918 595 991 Quid
611 921 652 981 ita
667 927 821 982 cessarunt
835 919 945 1000 pedesi
1069 927 1087 980 5

127 1005 202 1067 llum
217 1004 364 1086 loquitur,
381 1006 479 1085 ipsum
494 1007 639 1084 accipiter
653 1007 832 1084 necopinum
846 1007 926 1087 rapit

126 1088 297 1170 Questuque
311 1107 387 1150 vano
401 1089 601 1151 clamitantem
616 1090 768 1152 interlicit.

125 1173 223 1254 Lepus
238 1176 431 1234 semanimus:
462 1174 565 1234 lllurtis
580 1192 617 1235 en
633 1174 789 1235 solaciuml
839 1199 844 1209 ¹

126 1256 182 1329 Qui
198 1258 284 1319 modo
298 1276 422 1319 securus
437 1265 537 1319 nostra
554 1258 705 1321 inridebas
720 1259 807 1329 mala,

127 1341 224 1404 Simili
239 1342 360 1424 querela
374 1343 435 1403 lata
449 1343 585 1423 deploras
599 1350 659 1405 tua.
710 1356 714 1363 '

155 1581 160 1588 ,
476 1512 668 1573 areuna
693 1513 730 1573 x.

249 1616 389 1671 INPVS
405 1618 462 1671 E'I'
479 1620 645 1671 VVLPES
662 1620 811 1672 Ivmcu
830 1620 959 1677 suno,

166 1721 350 1803 Quicumque
366 1725 445 1802 turpi
461 1723 565 1785 iraude
581 1723 671 1785 semel
687 1725 827 1795 innotuit,

123 1806 221 1870 Etiam
236 1809 261 1868 si
276 1826 379 1869 verum
395 1808 482 1879 dicit,
498 1810 608 1870 amittit
622 1808 721 1869 iidem.

123 1891 185 1953 Hoc
200 1893 364 1954 adtestatur
379 1893 479 1954 brevis
493 1893 599 1971 Aesopi
619 1892 728 1954 fabula.

164 1976 266 2057 Lupus
281 1975 424 2056 arguebat
439 1977 556 2057 vulpem
568 1978 642 2039 furti
657 1979 803 2049 criminin

123 2061 255 2140 Negabat
270 2062 319 2123 illa
334 2081 365 2122 se
381 2080 447 2123 esse
462 2062 565 2142 culpae
580 2064 754 2142 proximam.

122 2146 206 2208 Tuuc
221 2147 310 2208 iudex
325 2147 486 2208 interillos
501 2147 579 2208 sedit
592 2148 707 2208 simius.

124 2230 253 2311 Uterque
269 2250 387 2292 causam
403 2250 471 2293 cum
486 2241 675 2312 perorassent
690 2250 782 2303 suam,

122 2314 238 2376 Dixisse
252 2317 350 2377 lertur
364 2317 469 2377 simius
484 2318 676 2379 sententiam:

121 2397 167 2459 Tu
181 2417 241 2460 nou
256 2399 366 2462 videris
382 2401 547 2480 perdidisse
563 2401 641 2481 quod
656 2402 751 2481 petis;

121 2481 165 2544 Te
179 2483 270 2546 credo
284 2484 471 2565 subripuisse
485 2486 563 2566 quod
577 2485 702 2566 pulchre
717 2502 818 2562 negas.

467 2654 661 2716 FABVLA
682 2656 734 2716 XI.

307 2760 460 2813 eumve
477 2762 532 2813 B'P
550 2760 632 2814 mo
650 2760 889 2815 VENAN'I'ES.

161 2865 287 2927 Virtutis
301 2881 409 2944 expers
422 2863 523 2924 verbis
537 2866 651 2926 iactans
663 2864 787 2944 gloriam

119 2949 237 3028 Ignotos
251 2949 343 3019 fallit,
359 2950 436 3010 notis
451 2955 497 3010 est
510 2947 633 3010 derisui.

160 3035 268 3094 Venari
284 3032 374 3095 asello
389 3034 496 3094 comite
511 3051 579 3095 cum
593 3033 680 3096 vellet
695 3035 752 3104 leo,

118 3118 253 3179 Contexit
268 3118 351 3179 illurn
365 3118 473 3178 frutice
489 3125 519 3178 et
533 3118 684 3181 admonuit
699 3118 796 3190 simul,

118 3201 157 3262 Ut
170 3204 286 3263 insueta
303 3220 373 3264 voce
388 3209 517 3263 terreret
534 3203 624 3272 ieras,

118 3283 277 3362 Fugientes
293 3287 355 3365 ipse
371 3288 532 3365 exciperet.
563 3286 618 3346 Hic
632 3286 779 3348 auritulus

118 3368 281 3430 Clamorem
296 3369 395 3431 subito
410 3372 480 3431 totis
494 3370 570 3430 tollit
584 3369 698 3432 viribus

118 3451 257 3533 Novoque
272 3454 372 3514 turbat
388 3453 498 3513 bestias
512 3455 665 3516 miraculo.
