2438 3824
521 185 672 243 LIBERI.
769 249 772 253 ,

120 340 214 420 Igitur
229 358 296 401 cum
313 355 436 400 cuneos
451 336 556 400 hibere
572 339 718 418 coepisset
732 339 824 407 canis,

121 425 171 487 Sic
186 425 368 487 corcodilus:
398 422 567 495 Quamlibet
582 422 679 485 lamhe
695 423 772 493 otio:

120 510 189 573 Noli
203 513 312 572 vereri·
342 508 459 588 htille:
489 508 632 570 Facerem
647 506 844 585 mehercules,
930 580 932 584 Α

120 594 185 658 lei
201 613 266 657 esse
280 597 390 656 scirem
404 595 547 655 carniste
563 593 703 672 cupidum
719 610 813 655 meae.

439 745 631 807 FABVLA
652 745 760 806 XXVI.

291 867 294 872 ·
379 845 547 899 vvm’us
563 844 619 897 utu
637 845 822 898 emortua,

161 933 241 996 Nulli
256 932 438 996 nocendum:
461 934 555 1012 siquis
570 950 641 993 vero
656 931 785 1001 laeserit,

119 1020 301 1081 Multandum
317 1017 407 1079 simili
422 1019 487 1078 iure
506 1016 611 1078 labella
627 1017 774 1078 admonet.

161 1105 271 1186 Vulpes
286 1103 324 1166 ad
338 1120 441 1163 cenam
457 1101 567 1162 dicitur
582 1102 727 1163 ciconiam

120 1189 205 1250 Prior
219 1192 359 1250 invitasse
375 1194 405 1247 et
419 1186 464 1247 illi
479 1188 510 1246 in
526 1188 624 1265 patina
640 1186 781 1267 liquidam

120 1273 256 1333 Posuisse
271 1271 479 1340 sorbitionem,
495 1289 582 1351 quarn
600 1271 678 1332 nullo
693 1269 780 1332 modo

121 1358 246 1418 Gustare
261 1359 397 1418 esuriens
411 1357 542 1435 potuerit
556 1357 679 1417 ciconia.

95 1482 97 1486 ι
120 1440 201 1513 Quae
216 1442 334 1521 vulpem
349 1458 416 1501 cum
430 1447 612 1510 revocasset,
630 1442 734 1503 intrito
749 1439 818 1502 cibo

120 1526 240 1587 Plenam
255 1526 390 1604 lagonam
404 1527 519 1605 posuit:
541 1526 610 1587 huic
625 1534 755 1587 rostrum
770 1527 907 1586 inserens

120 1610 252 1672 Satiatur
265 1612 328 1690 ipsa
344 1617 373 1670 et
387 1617 506 1690 torquet
519 1612 671 1672 convivam
685 1612 774 1672 lame.

119 1693 199 1766 Quae
214 1714 281 1756 curn
296 1695 418 1774 lagonae
433 1694 541 1756 collum
556 1696 666 1756 trustra
682 1695 836 1764 lamberet,
1045 1700 1079 1753 to

119 1779 311 1858 Peregrinam
324 1781 369 1841 sle
384 1781 510 1841 locutam
525 1781 675 1842 volucrem
691 1782 874 1861 accepimus:

119 1864 178 1927 Sua
192 1868 319 1946 qutsque
334 1864 470 1944 exempla
485 1864 575 1925 debet
589 1884 683 1946 aequo
698 1867 797 1927 animo
811 1866 882 1945 pati.

427 2016 619 2078 FABVLA
640 2017 764 2078 XXVII.

188 2115 314 2168 oms
331 2116 386 2167 ΕΤ
404 2113 657 2167 ’ῙἮΕΒΑἿΒἾΒ
673 2115 729 2168 E'I'
746 2115 1004 2172 VVIr'I'VRIVS.

204 2201 297 2283 [llaec
312 2220 361 2262 res
377 2203 474 2263 avaris
489 2220 553 2262 esse
569 2204 748 2263 conveniens
761 2211 859 2282 potest

118 2287 155 2348 Et
169 2291 220 2368 qui
236 2287 363 2348 humiles
378 2289 440 2348 nati
454 2286 514 2346 dici
528 2286 690 2366 locupletes
704 2285 848 2368 student]

160 2371 292 2432 Humana
308 2371 455 2432 eiiodiens
466 2390 531 2431 ossa
546 2370 719 2432 thesaurum
734 2373 816 2432 canis

118 2455 234 2517 Invenit
248 2462 279 2517 et
292 2456 416 2516 violarat
430 2458 498 2534 quia
514 2455 614 2517 Manes
627 2455 709 2526 deoS,

118 2540 229 2601 lniecta
245 2547 290 2601 est
304 2540 349 2601 illi
364 2540 534 2601 divitiarum
550 2540 707 2620 cupiditas,

117 2624 231 2685 Poenas
244 2633 276 2685 ut
290 2631 408 2685 sanctae
421 2625 569 2707 Religioni
578 2625 732 2705 penderet.

117 2707 219 2789 ltaque
234 2726 338 2770 aurum
354 2708 424 2770 duan
439 2710 581 2778 custodit,
597 2709 706 2770 ohlitus
721 2709 782 2773 cibi

118 2794 208 2856 Fame
223 2801 268 2855 est
283 2801 489 2872 consumptus;
505 2813 592 2873 quern
608 2794 689 2855 stans
703 2796 848 2857 vulturius
863 2815 953 2878 super

118 2878 228 2959 Fertur
243 2876 374 2939 locutus:
404 2877 543 2947 dranis,
560 2882 667 2940 merito
681 2881 770 2950 iaces,

117 2961 173 3032 Qui
189 2964 356 3042 concupisti
371 2961 471 3023 subito
486 2962 602 3040 regales
616 2982 696 3043 opes

117 3045 217 3107 'Inicio
231 3053 373 3127 concepte
389 3055 420 3108 et
434 3047 557 3108 educate
573 3055 715 3110 stercore.

417 3199 608 3261 FABVLA
633 3202 771 3264 XXVIII.

378 3297 544 3349 VVLPES
560 3299 615 3350 mu
632 3299 807 3359 AQVILA.

158 3379 298 3454 Quamvis
311 3380 453 3445 subllmes
468 3383 577 3445 dehent
592 3385 718 3446 humiles
731 3395 873 3459 metuere,

115 3466 253 3530 Vindicta
268 3465 358 3530 docili
371 3471 440 3550 quia
454 3475 537 3549 patet
551 3468 709 3531 sollertiae.
